@article{,
  title = {},
  author = {},
  journal = {},
  volume = {},
  pages = {},
  year = {2013},
  publisher = {},
  doi = {},
  url = {}
}

@article{,
	Author = {},
	Title = {{}},
	Journal = {arXiv:},
	Url = {},
	Year = {201}
}



@article{Aasen2016,
  title = {Milestones Toward Majorana-Based Quantum Computing},
  author = {Aasen, David and Hell, Michael and Mishmash, Ryan V. and Higginbotham, Andrew and Danon, Jeroen and Leijnse, Martin and Jespersen, Thomas S. and Folk, Joshua A. and Marcus, Charles M. and Flensberg, Karsten and Alicea, Jason},
  journal = {Phys. Rev. X},
  volume = {6},
  issue = {3},
  pages = {031016},
  numpages = {28},
  year = {2016},
  month = {Aug},
  publisher = {American Physical Society},
  doi = {10.1103/PhysRevX.6.031016},
  url = {http://link.aps.org/doi/10.1103/PhysRevX.6.031016}
}

@article{Adagideli2014,
  title = {Effects of electron scattering on the topological properties of nanowires: Majorana fermions from disorder and superlattices},
  author = {Adagideli, I. and Wimmer, M. and Teker, A.},
  journal = {Phys. Rev. B},
  volume = {89},
  issue = {14},
  pages = {144506},
  numpages = {6},
  year = {2014},
  month = {Apr},
  publisher = {American Physical Society},
  doi = {10.1103/PhysRevB.89.144506},
  url = {https://link.aps.org/doi/10.1103/PhysRevB.89.144506}
}

@article{Albrecht2016,
  title = {Exponential protection of zero modes in Majorana islands},
  author = {Albrecht, S. M. and A. P. Higginbotham and M. Madsen and F. Kuemmeth and T. S. Jespersen and J. Nyg{\r a}rd and P. Krogstrup and C. M. Marcus},
  journal = {Nature},
  volume = {531},
  pages = {206},
  year = {2016},
  publisher = {Nature Publishing Group},
  doi = {10.1038/nature17162},
  url = {http://www.nature.com/nature/journal/v531/n7593/full/nature17162.html?WT.feed_name=subjects_electronics-photonics-and-device-physics}
}

@article{Alicea2010,
  title = {Majorana fermions in a tunable semiconductor device},
  author = {Alicea, Jason},
  journal = {Phys. Rev. B},
  volume = {81},
  issue = {12},
  pages = {125318},
  numpages = {10},
  year = {2010},
  month = {Mar},
  publisher = {American Physical Society},
  doi = {10.1103/PhysRevB.81.125318},
  url = {https://link.aps.org/doi/10.1103/PhysRevB.81.125318}
}

@article{Alicea2011,
  title = {Non-Abelian statistics and topological quantum information processing in 1D wire networks},
  author = {Alicea,	J. and Yuval Oreg and Gil Refael and Felix von Oppen and Matthew P. A. Fisher},
  journal = {Nature Physics},
  volume = {7},
  pages = {412},
  year = {2011},
  publisher = {Nature Publishing Group},
  doi = {10.1038/nphys1915},
  url = {http://www.nature.com/nphys/journal/v7/n5/full/nphys1915.html}
}

@article{Alicea2012,
  author={J. Alicea},
  title={{New directions in the pursuit of Majorana fermions in solid state systems}},
  journal={Reports on Progress in Physics},
  volume={75},
  pages={076501},
  url={http://stacks.iop.org/0034-4885/75/i=7/a=076501},
  year={2012}
}

@article{Alnaes2015,
	author = {Alnaes, M. and Jan Blechta and Johan Hake and August Johansson and Benjamin Kehlet and Anders Logg and Chris Richardson and Johannes Ring and Marie Rognes and Garth Wells},
	title = {The FEniCS Project Version 1.5},
	journal = {Archive of Numerical Software},
	volume = {3},
	number = {100},
	year = {2015},
	issn = {2197-8263},	
	doi = {10.11588/ans.2015.100.20553},
	url = {http://journals.ub.uni-heidelberg.de/index.php/ans/article/view/20553}
}

@article{Ando1976,
  title = {Density-functional calculation of sub-band structure in accumulation and inversion layers},
  author = {Ando, T.},
  journal = {Phys. Rev. B},
  volume = {13},
  issue = {8},
  pages = {3468--3477},
  numpages = {0},
  year = {1976},
  month = {Apr},
  publisher = {American Physical Society},
  doi = {10.1103/PhysRevB.13.3468},
  url = {https://link.aps.org/doi/10.1103/PhysRevB.13.3468}
}

@article{Ando1982,
  title = {Electronic properties of two-dimensional systems},
  author = {Ando, Tsuneya and Fowler, Alan B. and Stern, Frank},
  journal = {Rev. Mod. Phys.},
  volume = {54},
  issue = {2},
  pages = {437--672},
  numpages = {0},
  year = {1982},
  month = {Apr},
  publisher = {American Physical Society},
  doi = {10.1103/RevModPhys.54.437},
  url = {https://link.aps.org/doi/10.1103/RevModPhys.54.437}
}

@article{Antipov2018,
  title = {Effects of Gate-Induced Electric Fields on Semiconductor Majorana Nanowires},
  author = {Antipov, Andrey E. and Bargerbos, Arno and Winkler, Georg W. and Bauer, Bela and Rossi, Enrico and Lutchyn, Roman M.},
  journal = {Phys. Rev. X},
  volume = {8},
  issue = {3},
  pages = {031041},
  numpages = {18},
  year = {2018},
  month = {Aug},
  publisher = {American Physical Society},
  doi = {10.1103/PhysRevX.8.031041},
  url = {https://link.aps.org/doi/10.1103/PhysRevX.8.031041}
}

@book{ARPACK,
author = {Lehoucq, R. B. and Sorensen, D. C. and Yang, C.},
title = {ARPACK Users' Guide},
publisher = {Society for Industrial and Applied Mathematics},
year = {1998},
doi = {10.1137/1.9780898719628},
address = {},
edition   = {},
URL = {https://epubs.siam.org/doi/abs/10.1137/1.9780898719628},
eprint = {https://epubs.siam.org/doi/pdf/10.1137/1.9780898719628}
}

@article{Avila2018,
	Author = {Avila, J. and Penaranda, F. and Prada, E. and San-Jose, P. and Aguado, R.},
	Title = {Non-Hermitian topology: a unifying framework for the Andreev versus Majorana states controversy},
	Journal = {arXiv:1807.04677},
	Url = {https://arxiv.org/abs/1807.04677},
	Year = {2018}
}

@article{Awoga2019,
  title = {Supercurrent Detection of Topologically Trivial Zero-Energy States in Nanowire Junctions},
  author = {Awoga, Oladunjoye A. and Cayao, Jorge and Black-Schaffer, Annica M.},
  journal = {Phys. Rev. Lett.},
  volume = {123},
  issue = {11},
  pages = {117001},
  numpages = {7},
  year = {2019},
  month = {Sep},
  publisher = {American Physical Society},
  doi = {10.1103/PhysRevLett.123.117001},
  url = {https://link.aps.org/doi/10.1103/PhysRevLett.123.117001}
}



@article{Bagrets2012,
  title = {Class $D$ Spectral Peak in Majorana Quantum Wires},
  author = {Bagrets, Dmitry and Altland, Alexander},
  journal = {Phys. Rev. Lett.},
  volume = {109},
  issue = {22},
  pages = {227005},
  numpages = {5},
  year = {2012},
  month = {Nov},
  publisher = {American Physical Society},
  doi = {10.1103/PhysRevLett.109.227005},
  url = {https://link.aps.org/doi/10.1103/PhysRevLett.109.227005}
}

@article{Bastard1983,
  title = {Variational calculations on a quantum well in an electric field},
  author = {Bastard, G. and Mendez, E. E. and Chang, L. L. and Esaki, L.},
  journal = {Phys. Rev. B},
  volume = {28},
  issue = {6},
  pages = {3241--3245},
  numpages = {0},
  year = {1983},
  month = {Sep},
  publisher = {American Physical Society},
  doi = {10.1103/PhysRevB.28.3241},
  url = {https://link.aps.org/doi/10.1103/PhysRevB.28.3241}
}

@book{Bastard1988,
	title = {{Wave Mechanics Applied to Semiconductor Heterostructures}}, 
	author = {Bastard, G.},
	year = {1988},
	publisher={Les Editions de Physique, Paris}
}

@article{Bauer1986,
  title = {Electronic structure of free carriers in quantum wells calculated by density-functional theory},
  author = {Bauer, Gerrit E. W. and Ando, Tsuneya},
  journal = {Phys. Rev. B},
  volume = {34},
  issue = {2},
  pages = {1300--1303},
  numpages = {0},
  year = {1986},
  month = {Jul},
  publisher = {American Physical Society},
  doi = {10.1103/PhysRevB.34.1300},
  url = {https://link.aps.org/doi/10.1103/PhysRevB.34.1300}
}

@article{Bauriedl1981,
  title = {Electron-Tunneling Observation of Impurity Bands in Superconducting Manganese-Implanted Lead},
  author = {Bauriedl, W. and Ziemann, P. and Buckel, W.},
  journal = {Phys. Rev. Lett.},
  volume = {47},
  issue = {16},
  pages = {1163--1165},
  numpages = {0},
  year = {1981},
  month = {Oct},
  publisher = {American Physical Society},
  doi = {10.1103/PhysRevLett.47.1163},
  url = {http://link.aps.org/doi/10.1103/PhysRevLett.47.1163}
}

@article{Beenakker2015,
  title = {Random-matrix theory of Majorana fermions and topological superconductors},
  author = {Beenakker, C. W. J.},
  journal = {Rev. Mod. Phys.},
  volume = {87},
  issue = {3},
  pages = {1037--1066},
  numpages = {30},
  year = {2015},
  month = {Sep},
  publisher = {American Physical Society},
  doi = {10.1103/RevModPhys.87.1037},
  url = {https://link.aps.org/doi/10.1103/RevModPhys.87.1037}
}

@article{Beenakker2013,
author = {Beenakker, C.W.J.},
title = {{Search for Majorana Fermions in Superconductors}},
journal = {Annual Review of Condensed Matter Physics},
volume = {4},
pages = {113},
year = {2013},
doi = {10.1146/annurev-conmatphys-030212-184337},
URL = { http://dx.doi.org/10.1146/annurev-conmatphys-030212-184337},
eprint = { http://dx.doi.org/10.1146/annurev-conmatphys-030212-184337}
}

@book{Bernevig2013,
	title = {{Topological Insulators and Topological Superconductors}}, 
	author = {Bernevig, B. A.},
	year = {2013},
	publisher={Princeton University Press, New Jersey}
}

@article{Berthod2011,
  title = {Tunneling conductance and local density of states in tight-binding junctions},
  author = {Berthod, C. and Giamarchi, T.},
  journal = {Phys. Rev. B},
  volume = {84},
  issue = {15},
  pages = {155414},
  numpages = {13},
  year = {2011},
  month = {Oct},
  publisher = {American Physical Society},
  doi = {10.1103/PhysRevB.84.155414},
  url = {http://link.aps.org/doi/10.1103/PhysRevB.84.155414}
}

@article{Binnig1987,
  title = {Scanning tunneling microscopy---from birth to adolescence},
  author = {Binnig, Gerd and Rohrer, Heinrich},
  journal = {Rev. Mod. Phys.},
  volume = {59},
  issue = {3},
  pages = {615--625},
  numpages = {0},
  year = {1987},
  month = {Jul},
  publisher = {American Physical Society},
  doi = {10.1103/RevModPhys.59.615},
  url = {https://link.aps.org/doi/10.1103/RevModPhys.59.615}
}

@article{Blonder1982,
  title = {Transition from metallic to tunneling regimes in superconducting microconstrictions: Excess current, charge imbalance, and supercurrent conversion},
  author = {Blonder, G. E. and Tinkham, M. and Klapwijk, T. M.},
  journal = {Phys. Rev. B},
  volume = {25},
  issue = {7},
  pages = {4515},
  numpages = {0},
  year = {1982},
  month = {Apr},
  publisher = {American Physical Society},
  doi = {10.1103/PhysRevB.25.4515},
  url = {http://link.aps.org/doi/10.1103/PhysRevB.25.4515}
}

@article{Bommer2019,
  title = {Spin-Orbit Protection of Induced Superconductivity in Majorana Nanowires},
  author = {Bommer, Jouri D. S. and Zhang, Hao and G\"ul, \"Onder and Nijholt, Bas and Wimmer, Michael and Rybakov, Filipp N. and Garaud, Julien and Rodic, Donjan and Babaev, Egor and Troyer, Matthias and Car, Diana and Plissard, S\'ebastien R. and Bakkers, Erik P. A. M. and Watanabe, Kenji and Taniguchi, Takashi and Kouwenhoven, Leo P.},
  journal = {Phys. Rev. Lett.},
  volume = {122},
  issue = {18},
  pages = {187702},
  numpages = {7},
  year = {2019},
  month = {May},
  publisher = {American Physical Society},
  doi = {10.1103/PhysRevLett.122.187702},
  url = {https://link.aps.org/doi/10.1103/PhysRevLett.122.187702}
}


@article{Bonderson2009,
title = "Measurement-only topological quantum computation via anyonic interferometry ",
journal = "Annals of Physics ",
volume = "324",
number = "4",
pages = "787",
year = "2009",
note = "",
issn = "0003-4916",
doi = "http://dx.doi.org/10.1016/j.aop.2008.09.009",
url = "//www.sciencedirect.com/science/article/pii/S0003491608001577",
author = "Parsa Bonderson and Michael Freedman and Chetan Nayak",
keywords = "Topological quantum computation",
keywords = "Interferometry",
keywords = "Anyonic charge measurement",
keywords = "Fractional quantum Hall effect "
}

@article{Bonderson2016,
  title = {Quantum Computing Devices with Majorana Hexon Qubits},
  author = {Bonderson,  P. and T.  Karzig and  R.  Lutchyn  and J.  Alicea and  C.  Knapp and C. Nayak  and M. Freedman},
  journal = {U.S. Provisional application, pending},
  year = {2016}
}

@article{Bravyi2002,
 title = "Fermionic Quantum Computation",
 journal = "Annals of Physics",
 volume = "298",
 number = "1",
 pages = "210 - 226",
 year = "2002",
 issn = "0003-4916",
 doi = "https://doi.org/10.1006/aphy.2002.6254",
 url = "https://www.sciencedirect.com/science/article/pii/S0003491602962548",
 author = "Sergey B. Bravyi and Alexei Yu. Kitaev"
}

@article{Cayao2015,
  title = {SNS junctions in nanowires with spin-orbit coupling: Role of confinement and helicity on the subgap spectrum},
  author = {Cayao, Jorge and Prada, Elsa and San-Jose, Pablo and Aguado, Ram\'on},
  journal = {Phys. Rev. B},
  volume = {91},
  issue = {2},
  pages = {024514},
  numpages = {15},
  year = {2015},
  month = {Jan},
  publisher = {American Physical Society},
  doi = {10.1103/PhysRevB.91.024514},
  url = {https://link.aps.org/doi/10.1103/PhysRevB.91.024514}
}

@article{Chang2015,
  title = {Hard gap in epitaxial semiconductor–superconductor nanowires},
  author = {Chang,	W and S. M. Albrecht and T. S. Jespersen and F. Kuemmeth and P. Krogstrup and J. Nyg{\r a}rd and C. M. Marcus},
  journal = {Nat Nano},
  volume = {10},
  pages = {232},
  year = {2015},
  publisher = {Nature Publishing Group},
  doi = {10.1038/nnano.2014.306},
  url = {http://www.nature.com/nnano/journal/v10/n3/full/nnano.2014.306.html}
}

@article {Chen2017,
	author = {Chen, Jun and Yu, Peng and Stenger, John and Hocevar, Mo{\"\i}ra and Car, Diana and Plissard, S{\'e}bastien R. and Bakkers, Erik P. A. M. and Stanescu, Tudor D. and Frolov, Sergey M.},
	title = {Experimental phase diagram of zero-bias conductance peaks in superconductor/semiconductor nanowire devices},
	journal = {Science Advances},
	volume = {3},
	number = {9},
	pages = {e1701476},
	year = {2017},
	publisher = {American Association for the Advancement of Science},
	doi = {10.1126/sciadv.1701476},
	URL = {http://advances.sciencemag.org/content/3/9/e1701476}
}
@article{Chen2019,
  title = {Ubiquitous Non-Majorana Zero-Bias Conductance Peaks in Nanowire Devices},
  author = {Chen, J. and Woods, B. D. and Yu, P. and Hocevar, M. and Car, D. and Plissard, S. R. and Bakkers, E. P. A. M. and Stanescu, T. D. and Frolov, S. M.},
  journal = {Phys. Rev. Lett.},
  volume = {123},
  issue = {10},
  pages = {107703},
  numpages = {6},
  year = {2019},
  month = {Sep},
  publisher = {American Physical Society},
  doi = {10.1103/PhysRevLett.123.107703},
  url = {https://link.aps.org/doi/10.1103/PhysRevLett.123.107703}
}
   

@article{Cheng2009,
  title = {Splitting of Majorana-Fermion Modes due to Intervortex Tunneling in a ${p}_{x}+i{p}_{y}$ Superconductor},
  author = {Cheng, Meng and Lutchyn, Roman M. and Galitski, Victor and Das Sarma, S.},
  journal = {Phys. Rev. Lett.},
  volume = {103},
  issue = {10},
  pages = {107001},
  numpages = {4},
  year = {2009},
  month = {Aug},
  publisher = {American Physical Society},
  doi = {10.1103/PhysRevLett.103.107001},
  url = {http://link.aps.org/doi/10.1103/PhysRevLett.103.107001}
}

@article{Chevallier2012,
  title = {Mutation of Andreev into Majorana bound states in long superconductor-normal and superconductor-normal-superconductor junctions},
  author = {Chevallier, D. and Sticlet, D. and Simon, P. and Bena, C.},
  journal = {Phys. Rev. B},
  volume = {85},
  issue = {23},
  pages = {235307},
  numpages = {6},
  year = {2012},
  month = {Jun},
  publisher = {American Physical Society},
  doi = {10.1103/PhysRevB.85.235307},
  url = {https://link.aps.org/doi/10.1103/PhysRevB.85.235307}
}

@article{Chevallier2016,
  title = {Tomography of Majorana fermions with STM tips},
  author = {Chevallier, Denis and Klinovaja, Jelena},
  journal = {Phys. Rev. B},
  volume = {94},
  issue = {3},
  pages = {035417},
  numpages = {8},
  year = {2016},
  month = {Jul},
  publisher = {American Physical Society},
  doi = {10.1103/PhysRevB.94.035417},
  url = {https://link.aps.org/doi/10.1103/PhysRevB.94.035417}
}

@article{Chiu2016,
  title = {Classification of topological quantum matter with symmetries},
  author = {Chiu, Ching-Kai and Teo, Jeffrey C. Y. and Schnyder, Andreas P. and Ryu, Shinsei},
  journal = {Rev. Mod. Phys.},
  volume = {88},
  issue = {3},
  pages = {035005},
  numpages = {63},
  year = {2016},
  month = {Aug},
  publisher = {American Physical Society},
  doi = {10.1103/RevModPhys.88.035005},
  url = {https://link.aps.org/doi/10.1103/RevModPhys.88.035005}
}


@article{Churchill2013,
  title = {Superconductor-nanowire devices from tunneling to the multichannel regime: Zero-bias oscillations and magnetoconductance crossover},
  author = {Churchill, H. O. H. and Fatemi, V. and Grove-Rasmussen, K. and Deng, M. T. and Caroff, P. and Xu, H. Q. and Marcus, C. M.},
  journal = {Phys. Rev. B},
  volume = {87},
  issue = {24},
  pages = {241401},
  numpages = {6},
  year = {2013},
  month = {Jun},
  publisher = {American Physical Society},
  doi = {10.1103/PhysRevB.87.241401},
  url = {http://link.aps.org/doi/10.1103/PhysRevB.87.241401}
}

@article{Clarke2016,
  title = {Probability and (Braiding) Statistics},
  author = {Clarke, D. J. and Jay D. Sau and Sankar Das Sarma},
  journal = {e-print arXiv:1610.08958},
  year = {2016}
}

@article{Clarke2017,
  title = {Experimentally accessible topological quality factor for wires with zero energy modes},
  author = {Clarke, David J.},
  journal = {Phys. Rev. B},
  volume = {96},
  issue = {20},
  pages = {201109},
  numpages = {5},
  year = {2017},
  month = {Nov},
  publisher = {American Physical Society},
  doi = {10.1103/PhysRevB.96.201109},@article{Groth_2014,
	doi = {10.1088/1367-2630/16/6/063065},
	url = {https://doi.org/10.1088%2F1367-2630%2F16%2F6%2F063065},
	year = 2014,
	month = {jun},
	publisher = {{IOP} Publishing},
	volume = {16},
	number = {6},
	pages = {063065},
	author = {Christoph W Groth and Michael Wimmer and Anton R Akhmerov and Xavier Waintal},
	title = {Kwant: a software package for quantum transport},
	journal = {New Journal of Physics},
	abstract = {Kwant is a Python package for numerical quantum transport calculations. It aims to be a user-friendly, universal, and high-performance toolbox for the simulation of physical systems of any dimensionality and geometry that can be described by a tight-binding model. Kwant has been designed such that the natural concepts of the theory of quantum transport (lattices, symmetries, electrodes, orbital/spin/electron-hole degrees of freedom) are exposed in a simple and transparent way. Defining a new simulation setup is very similar to describing the corresponding mathematical model. Kwant offers direct support for calculations of transport properties (conductance, noise, scattering matrix), dispersion relations, modes, wave functions, various Greenʼs functions, and out-of-equilibrium local quantities. Other computations involving tight-binding Hamiltonians can be implemented easily thanks to its extensible and modular nature. Kwant is free software available at http://kwant-project.org/.}
}
  url = {https://link.aps.org/doi/10.1103/PhysRevB.96.201109}
}

@article{Cole2015,
  title = {Effects of large induced superconducting gap on semiconductor Majorana nanowires},
  author = {Cole, William S. and Das Sarma, S. and Stanescu, Tudor D.},
  journal = {Phys. Rev. B},
  volume = {92},
  issue = {17},
  pages = {174511},
  numpages = {8},
  year = {2015},
  month = {Nov},
  publisher = {American Physical Society},
  doi = {10.1103/PhysRevB.92.174511},
  url = {http://link.aps.org/doi/10.1103/PhysRevB.92.174511}
}

@article{Cole2016,
  title = {Proximity effect and Majorana bound states in clean semiconductor nanowires coupled to disordered superconductors},
  author = {Cole, William S. and Sau, Jay D. and Das Sarma, S.},
  journal = {Phys. Rev. B},
  volume = {94},
  issue = {14},
  pages = {140505},
  numpages = {5},
  year = {2016},
  month = {Oct},
  publisher = {American Physical Society},
  doi = {10.1103/PhysRevB.94.140505},
  url = {http://link.aps.org/doi/10.1103/PhysRevB.94.140505}
}

@article{Crepin2014,
  title = {Nonperturbative phase diagram of interacting disordered Majorana nanowires},
  author = {Cr\'epin, F. and Zar\'and, G. and Simon, Pascal},
  journal = {Phys. Rev. B},
  volume = {90},
  issue = {12},
  pages = {121407},
  numpages = {5},
  year = {2014},
  month = {Sep},
  publisher = {American Physical Society},
  doi = {10.1103/PhysRevB.90.121407},
  url = {https://link.aps.org/doi/10.1103/PhysRevB.90.121407}
}

@article{Dartiailh2021,
  title = {Phase Signature of Topological Transition in Josephson Junctions},
  author = {Dartiailh, Matthieu C. and Mayer, William and Yuan, Joseph and Wickramasinghe, Kaushini S. and Matos-Abiague, Alex and \ifmmode \check{Z}\else \v{Z}\fi{}uti\ifmmode \acute{c}\else \'{c}\fi{}, Igor and Shabani, Javad},
  journal = {Phys. Rev. Lett.},
  volume = {126},
  issue = {3},
  pages = {036802},
  numpages = {6},
  year = {2021},
  month = {Jan},
  publisher = {American Physical Society},
  doi = {10.1103/PhysRevLett.126.036802},
  url = {https://link.aps.org/doi/10.1103/PhysRevLett.126.036802}
}


@article{Sarma1987,
  title = {Calculated transport properties of ultrasubmicrometer quasi-one-dimensional inversion lines},
  author = {Das Sarma, S. and Xie, X. C.},
  journal = {Phys. Rev. B},
  volume = {35},
  issue = {18},
  pages = {9875--9878},
  numpages = {0},
  year = {1987},
  month = {Jun},
  publisher = {American Physical Society},
  doi = {10.1103/PhysRevB.35.9875},
  url = {https://link.aps.org/doi/10.1103/PhysRevB.35.9875}
}

@misc{Sarma2021,
      title={Disorder-induced zero-bias peaks in Majorana nanowires}, 
      author={Sankar Das Sarma and Haining Pan},
      year={2021},
      eprint={2103.05628},
      archivePrefix={arXiv},
      primaryClass={cond-mat.mes-hall}
}

@article{Das2012,
	Author = {Das, A. and  Y. Ronen and  Y. Most and Y. Oreg and  M. Heiblum and H. Shtrikman},
	Title = {{Zero-bias peaks and splitting in an Al-InAs nanowire topological superconductor as a signature of Majorana fermions}},
	Journal = {Nature Physics},
	Volume = {8},
	Pages = {887},
	Year = {2012},
	url = {https://www.nature.com/articles/nphys2479}
}



@article{deMoor2018,
	doi = {10.1088/1367-2630/aae61d},
	url = {https://doi.org/10.1088/1367-2630/aae61d},
	year = 2018,
	month = {oct},
	publisher = {{IOP} Publishing},
	volume = {20},
	number = {10},
	pages = {103049},
	author = {Michiel W A de Moor and Jouri D S Bommer and Di Xu and Georg W Winkler and Andrey E Antipov and Arno Bargerbos and Guanzhong Wang and Nick van Loo and Roy L M Op het Veld and Sasa Gazibegovic and Diana Car and John A Logan and Mihir Pendharkar and Joon Sue Lee and Erik P A M Bakkers and Chris J Palmstr{\o}m and Roman M Lutchyn and Leo P Kouwenhoven and Hao Zhang},
	title = {Electric field tunable superconductor-semiconductor coupling in Majorana nanowires},
	journal = {New Journal of Physics},
}

@article{DeGottardi2013,
  title = {Majorana Fermions in Superconducting 1D Systems Having Periodic, Quasiperiodic, and Disordered Potentials},
  author = {DeGottardi, Wade and Sen, Diptiman and Vishveshwara, Smitha},
  journal = {Phys. Rev. Lett.},
  volume = {110},
  issue = {14},
  pages = {146404},
  numpages = {5},
  year = {2013},
  month = {Apr},
  publisher = {American Physical Society},
  doi = {10.1103/PhysRevLett.110.146404},
  url = {https://link.aps.org/doi/10.1103/PhysRevLett.110.146404}
}

@article{DeGottardi2013a,
  title = {Majorana fermions in superconducting wires: Effects of long-range hopping, broken time-reversal symmetry, and potential landscapes},
  author = {DeGottardi, Wade and Thakurathi, Manisha and Vishveshwara, Smitha and Sen, Diptiman},
  journal = {Phys. Rev. B},
  volume = {88},
  issue = {16},
  pages = {165111},
  numpages = {22},
  year = {2013},
  month = {Oct},
  publisher = {American Physical Society},
  doi = {10.1103/PhysRevB.88.165111},
  url = {https://link.aps.org/doi/10.1103/PhysRevB.88.165111}
}

@article{Deng2012,
author = {Deng, M. T. and C. L. Yu and G. Y. Huang and M. Larsson and P. Caroff and H. Q. Xu},
title = {{Anomalous Zero-Bias Conductance Peak in a Nb–InSb Nanowire–Nb Hybrid Device}},
journal = {Nano Letters},
volume = {12},
pages = {6414},
year = {2012},
doi = {10.1021/nl303758w},
URL = { http://dx.doi.org/10.1021/nl303758w}
}

@article {Deng2016,
	author = {Deng, M. T. and Vaitiekenas, S. and Hansen, E. B. and Danon, J. and Leijnse, M. and Flensberg, K. and Nyg{\r a}rd, J. and Krogstrup, P. and Marcus, C. M.},
	title = {Majorana bound state in a coupled quantum-dot hybrid-nanowire system},
	volume = {354},
	number = {6319},
	pages = {1557},
	year = {2016},
	doi = {10.1126/science.aaf3961},
	publisher = {American Association for the Advancement of Science},
	issn = {0036-8075},
	URL = {http://science.sciencemag.org/content/354/6319/1557},
	journal = {Science}
}

@article{Deng2017,
	Author = {Deng, M. T. and S. Vaitiekenas and E. Prada and P. San-Jose and J. Nygard and P. Krogstrup and R. Aguado and C. M. Marcus},
	Title = {{Majorana non-locality in hybrid nanowires}},
	Journal = {arXiv:1712.03536},
	Url = {https://arxiv.org/abs/1712.03536},
	Year = {2017}
}

@article{Deng2018,
  title = {Nonlocality of Majorana modes in hybrid nanowires},
  author = {Deng, M.-T. and Vaitiek\ifmmode \dot{e}\else \.{e}\fi{}nas, S. and Prada, E. and San-Jose, P. and Nyg\aa{}rd, J. and Krogstrup, P. and Aguado, R. and Marcus, C. M.},
  journal = {Phys. Rev. B},
  volume = {98},
  issue = {8},
  pages = {085125},
  numpages = {10},
  year = {2018},
  month = {Aug},
  publisher = {American Physical Society},
  doi = {10.1103/PhysRevB.98.085125},
  url = {https://link.aps.org/doi/10.1103/PhysRevB.98.085125}
}

@article{Divincenzo2000, title={The Physical Implementation of Quantum Computation}, volume={48}, DOI={10.1002/1521-3978(200009)48:9/11<771::aid-prop771>3.0.co;2-e}, number={9-11}, journal={Fortschritte der Physik}, author={Divincenzo, David P.}, year={2000}, pages={771–783}}


@article{Dominguez2016,
  title = {Zero-energy pinning from interactions in Majorana nanowires},
  author = {Dominguez, F.and  Jorge Cayao and Pablo San-Jose and Ramon Aguado and Alfredo Levy Yeyati and Elsa Prada},
  journal = {npj Quantum Materials},
  volume = {2},
  pages = {13},
  year = {2016},
  doi = {10.1038/s41535-017-0012-0}
}

@article{Driessen2012,
  title = {Strongly Disordered TiN and NbTiN $s$-Wave Superconductors Probed by Microwave Electrodynamics},
  author = {Driessen, E. F. C. and Coumou, P. C. J. J. and Tromp, R. R. and de Visser, P. J. and Klapwijk, T. M.},
  journal = {Phys. Rev. Lett.},
  volume = {109},
  issue = {10},
  pages = {107003},
  numpages = {5},
  year = {2012},
  month = {Sep},
  publisher = {American Physical Society},
  doi = {10.1103/PhysRevLett.109.107003},
  url = {http://link.aps.org/doi/10.1103/PhysRevLett.109.107003}
}

@article{DSarma1982,
  title = {Electronic structure of semiconductor surface inversion layers at finite temperature. The Si(100)-Si${\mathrm{O}}_{2}$ system},
  author = {Das Sarma, S. and Vinter, B.},
  journal = {Phys. Rev. B},
  volume = {26},
  issue = {2},
  pages = {960--974},
  numpages = {0},
  year = {1982},
  month = {Jul},
  publisher = {American Physical Society},
  doi = {10.1103/PhysRevB.26.960},
  url = {https://link.aps.org/doi/10.1103/PhysRevB.26.960}
}

@article{DSarma2005,
  title = {Topologically Protected Qubits from a Possible Non-Abelian Fractional Quantum Hall State},
  author = {Das Sarma, Sankar and Freedman, Michael and Nayak, Chetan},
  journal = {Phys. Rev. Lett.},
  volume = {94},
  issue = {16},
  pages = {166802},
  numpages = {4},
  year = {2005},
  month = {Apr},
  publisher = {American Physical Society},
  doi = {10.1103/PhysRevLett.94.166802},
  url = {http://link.aps.org/doi/10.1103/PhysRevLett.94.166802}
}

@article{DSarma2012,
  title = {Splitting of the zero-bias conductance peak as smoking gun evidence for the existence of the Majorana mode in a superconductor-semiconductor nanowire},
  author = {Das Sarma, S. and Sau, Jay D. and Stanescu, Tudor D.},
  journal = {Phys. Rev. B},
  volume = {86},
  issue = {22},
  pages = {220506},
  numpages = {5},
  year = {2012},
  month = {Dec},
  publisher = {American Physical Society},
  doi = {10.1103/PhysRevB.86.220506},
  url = {http://link.aps.org/doi/10.1103/PhysRevB.86.220506}
}

@article{DSarma2015,
	Author = {Das Sarma, S. and Freedman, M. and  Nayak, C.},
	Title = {{Majorana zero modes and topological quantum computation}},
	Journal = {Npj Quantum Information},
	Volume = {1},
	Pages = {15001},
	Year = {2015}
}

@article{DSarma2015a,
  author={Das Sarma, S. and Hoi-Yin Hui and P M R Brydon and Jay D Sau},
  title={Substrate-induced Majorana renormalization in topological nanowires},
  journal={New Journal of Physics},
  volume={17},
  number={7},
  pages={075001},
  url={http://stacks.iop.org/1367-2630/17/i=7/a=075001},
  year={2015}
}

@article{DSarma2016,
  title = {How to infer non-Abelian statistics and topological visibility from tunneling conductance properties of realistic Majorana nanowires},
  author = {Das Sarma, S. and Nag, Amit and Sau, Jay D.},
  journal = {Phys. Rev. B},
  volume = {94},
  issue = {3},
  pages = {035143},
  numpages = {17},
  year = {2016},
  month = {Jul},
  publisher = {American Physical Society},
  doi = {10.1103/PhysRevB.94.035143},
  url = {http://link.aps.org/doi/10.1103/PhysRevB.94.035143}
}

@article{Escribano2018,
	Author = {Escribano, Samuel D. and Alfredo Levy Yeyati and Elsa Prada},
	Title = {{Interaction-induced zero-energy pinning and quantum dot formation in Majorana nanowires}},
	Journal = {Beilstein J. Nanotechnol},
	volume = {9},
	pages ={2171--2180},
	Url = {https://www.beilstein-journals.org/bjnano/articles/9/203},
	Year = {2018}
}

@article{Escribano2019,
  title = {Effects of the electrostatic environment on superlattice Majorana nanowires},
  author = {Escribano, Samuel D. and Levy Yeyati, Alfredo and Oreg, Yuval and Prada, Elsa},
  journal = {Phys. Rev. B},
  volume = {100},
  issue = {4},
  pages = {045301},
  numpages = {19},
  year = {2019},
  month = {Jul},
  publisher = {American Physical Society},
  doi = {10.1103/PhysRevB.100.045301},
  url = {https://link.aps.org/doi/10.1103/PhysRevB.100.045301}
}


@article{Fidkowski2012,
  title = {Universal transport signatures of Majorana fermions in superconductor-Luttinger liquid junctions},
  author = {Fidkowski, Lukasz and Alicea, Jason and Lindner, Netanel H. and Lutchyn, Roman M. and Fisher, Matthew P. A.},
  journal = {Phys. Rev. B},
  volume = {85},
  issue = {24},
  pages = {245121},
  numpages = {22},
  year = {2012},
  month = {Jun},
  publisher = {American Physical Society},
  doi = {10.1103/PhysRevB.85.245121},
  url = {http://link.aps.org/doi/10.1103/PhysRevB.85.245121}
}

@article{Finck2013,
  title = {Anomalous Modulation of a Zero-Bias Peak in a Hybrid Nanowire-Superconductor Device},
  author = {Finck, A. D. K. and Van Harlingen, D. J. and Mohseni, P. K. and Jung, K. and Li, X.},
  journal = {Phys. Rev. Lett.},
  volume = {110},
  issue = {12},
  pages = {126406},
  numpages = {5},
  year = {2013},
  month = {Mar},
  publisher = {American Physical Society},
  doi = {10.1103/PhysRevLett.110.126406},
  url = {http://link.aps.org/doi/10.1103/PhysRevLett.110.126406}
}

@article{Fisher1981,
  title = {Relation between conductivity and transmission matrix},
  author = {Fisher, Daniel S. and Lee, Patrick A.},
  journal = {Phys. Rev. B},
  volume = {23},
  issue = {12},
  pages = {6851--6854},
  numpages = {0},
  year = {1981},
  month = {Jun},
  publisher = {American Physical Society},
  doi = {10.1103/PhysRevB.23.6851},
  url = {https://link.aps.org/doi/10.1103/PhysRevB.23.6851}
}


@article{Fleckenstein2018,
  title = {Decaying spectral oscillations in a Majorana wire with finite coherence length},
  author = {Fleckenstein, C. and Dom\'{\i}nguez, F. and Traverso Ziani, N. and Trauzettel, B.},
  journal = {Phys. Rev. B},
  volume = {97},
  issue = {15},
  pages = {155425},
  numpages = {10},
  year = {2018},
  month = {Apr},
  publisher = {American Physical Society},
  doi = {10.1103/PhysRevB.97.155425},
  url = {https://link.aps.org/doi/10.1103/PhysRevB.97.155425}
}


@article{Flensberg2010,
  title = {Tunneling characteristics of a chain of Majorana bound states},
  author = {Flensberg, Karsten},
  journal = {Phys. Rev. B},
  volume = {82},
  issue = {18},
  pages = {180516},
  numpages = {4},
  year = {2010},
  month = {Nov},
  publisher = {American Physical Society},
  doi = {10.1103/PhysRevB.82.180516},
  url = {http://link.aps.org/doi/10.1103/PhysRevB.82.180516}
}

@article{Fornieri2019, title={Evidence of topological superconductivity in planar Josephson junctions}, volume={569}, DOI={10.1038/s41586-019-1068-8}, number={7754}, journal={Nature}, author={Fornieri, Antonio and Whiticar, Alexander M. and Setiawan, F. and Portolés, Elías and Drachmann, Asbjørn C. C. and Keselman, Anna and Gronin, Sergei and Thomas, Candice and Wang, Tian and Kallaher, Ray and et al.}, year={2019}, pages={89–92}}

@article{Fu2008,
  title = {Superconducting Proximity Effect and Majorana Fermions at the Surface of a Topological Insulator},
  author = {Fu, Liang and Kane, C. L.},
  journal = {Phys. Rev. Lett.},
  volume = {100},
  issue = {9},
  pages = {096407},
  numpages = {4},
  year = {2008},
  month = {Mar},
  publisher = {American Physical Society},
  doi = {10.1103/PhysRevLett.100.096407},
  url = {http://link.aps.org/doi/10.1103/PhysRevLett.100.096407}
}

@article{Fu2009,
  title = {Josephson current and noise at a superconductor/quantum-spin-Hall-insulator/superconductor junction},
  author = {Fu, Liang and Kane, C. L.},
  journal = {Phys. Rev. B},
  volume = {79},
  issue = {16},
  pages = {161408},
  numpages = {4},
  year = {2009},
  month = {Apr},
  publisher = {American Physical Society},
  doi = {10.1103/PhysRevB.79.161408},
  url = {https://link.aps.org/doi/10.1103/PhysRevB.79.161408}
}

@article{Gangadharaiah2011,
  title = {Majorana Edge States in Interacting One-Dimensional Systems},
  author = {Gangadharaiah, Suhas and Braunecker, Bernd and Simon, Pascal and Loss, Daniel},
  journal = {Phys. Rev. Lett.},
  volume = {107},
  issue = {3},
  pages = {036801},
  numpages = {4},
  year = {2011},
  month = {Jul},
  publisher = {American Physical Society},
  doi = {10.1103/PhysRevLett.107.036801},
  url = {https://link.aps.org/doi/10.1103/PhysRevLett.107.036801}
}

@article{Gazibegovic2017,
  title = {Epitaxy of advanced nanowire quantum devices},
  author = {Gazibegovic, S. and Diana Car and Hao Zhang and Stijn C. Balk and John A. Logan and Michiel W. A. de Moor and Maja C. Cassidy and Rudi Schmits and Di Xu and Guanzhong Wang and Peter Krogstrup and Roy L. M. Op het Veld and Kun Zuo and	Yoram Vos and Jie Shen and Daniel Bouman and Borzoyeh Shojaei and Daniel Pennachio and Joon Sue Lee and	Petrus J. van Veldhoven and Sebastian Koelling and Marcel A. Verheijen and Leo P. Kouwenhoven and Chris J. Palmstr{\o}m and Erik P. A. M. Bakkers},
  journal = {Nature},
  volume = {548},
  pages = {434},
  year = {2013},
  doi = {doi:10.1038/nature23468},
  url = {http://dx.doi.org/10.1038/nature23468L3}
}

@article{Grivnin2019,
  doi = {10.1038/s41467-019-09771-0},
  url = {https://doi.org/10.1038/s41467-019-09771-0},
  year = {2019},
  month = apr,
  publisher = {Springer Science and Business Media {LLC}},
  volume = {10},
  number = {1},
  author = {Anna Grivnin and Ella Bor and Moty Heiblum and Yuval Oreg and Hadas Shtrikman},
  title = {Concomitant opening of a bulk-gap with an emerging possible Majorana zero mode},
  journal = {Nature Communications}
}

@article{Groth2014,
	doi = {10.1088/1367-2630/16/6/063065},
	url = {https://doi.org/10.1088%2F1367-2630%2F16%2F6%2F063065},
	year = 2014,
	month = {jun},
	publisher = {{IOP} Publishing},
	volume = {16},
	number = {6},
	pages = {063065},
	author = {Christoph W Groth and Michael Wimmer and Anton R Akhmerov and Xavier Waintal},
	title = {Kwant: a software package for quantum transport},
	journal = {New Journal of Physics}
}

@article{Gul2017,
author = {G\"{u}l, \"{O}nder and Zhang, Hao and de Vries, Folkert K. and van Veen, Jasper and Zuo, Kun and Mourik, Vincent and Conesa-Boj, Sonia and Nowak, Michał P. and van Woerkom, David J. and Quintero-Pérez, Marina and Cassidy, Maja C. and Geresdi, Attila and Koelling, Sebastian and Car, Diana and Plissard, Sébastien R. and Bakkers, Erik P. A. M. and Kouwenhoven, Leo P.},
title = {Hard Superconducting Gap in InSb Nanowires},
journal = {Nano Letters},
volume = {17},
number = {4},
pages = {2690},
year = {2017},
doi = {10.1021/acs.nanolett.7b00540},
URL = {http://dx.doi.org/10.1021/acs.nanolett.7b00540}
}

@article{Hasan2010,
  title = {Colloquium},
  author = {Hasan, M. Z. and Kane, C. L.},
  journal = {Rev. Mod. Phys.},
  volume = {82},
  issue = {4},
  pages = {3045},
  numpages = {0},
  year = {2010},
  month = {Nov},
  publisher = {American Physical Society},
  doi = {10.1103/RevModPhys.82.3045},
  url = {http://link.aps.org/doi/10.1103/RevModPhys.82.3045}
}

@article{Hastings2016,
  title = {Linear Majorana Quad Qubit Device},
  author = {Hastings, M. and  T.   Karzig and   P.   Bonderson and  M.   Freedman and R. Lutchyn  and C. Nayak},
  journal = {U.S. Provisional application, pending},
  year = {2016}
}

@article{He2014,
  title = {Selective Equal-Spin Andreev Reflections Induced by Majorana Fermions},
  author = {He, James J. and Ng, T. K. and Lee, Patrick A. and Law, K. T.},
  journal = {Phys. Rev. Lett.},
  volume = {112},
  issue = {3},
  pages = {037001},
  numpages = {5},
  year = {2014},
  month = {Jan},
  publisher = {American Physical Society},
  doi = {10.1103/PhysRevLett.112.037001},
  url = {http://link.aps.org/doi/10.1103/PhysRevLett.112.037001}
}

@article{Hell2017,
  title = {Coupling and braiding Majorana bound states in networks defined in two-dimensional electron gases with proximity-induced superconductivity},
  author = {Hell, Michael and Flensberg, Karsten and Leijnse, Martin},
  journal = {Phys. Rev. B},
  volume = {96},
  issue = {3},
  pages = {035444},
  numpages = {17},
  year = {2017},
  month = {Jul},
  publisher = {American Physical Society},
  doi = {10.1103/PhysRevB.96.035444},
  url = {https://link.aps.org/doi/10.1103/PhysRevB.96.035444}
}

@article{Hell2017a,
  title = {Two-Dimensional Platform for Networks of Majorana Bound States},
  author = {Hell, Michael and Leijnse, Martin and Flensberg, Karsten},
  journal = {Phys. Rev. Lett.},
  volume = {118},
  issue = {10},
  pages = {107701},
  numpages = {6},
  year = {2017},
  month = {Mar},
  publisher = {American Physical Society},
  doi = {10.1103/PhysRevLett.118.107701},
  url = {https://link.aps.org/doi/10.1103/PhysRevLett.118.107701}
}

@article{Huang2018,
  title = {Quasiparticle gaps in multiprobe Majorana nanowires},
  author = {Huang, Yingyi and Sau, Jay D. and Stanescu, Tudor D. and Das Sarma, S.},
  journal = {Phys. Rev. B},
  volume = {98},
  issue = {22},
  pages = {224512},
  numpages = {10},
  year = {2018},
  month = {Dec},
  publisher = {American Physical Society},
  doi = {10.1103/PhysRevB.98.224512},
  url = {https://link.aps.org/doi/10.1103/PhysRevB.98.224512}
}

@article{Hui2015,
  title = {Bulk disorder in the superconductor affects proximity-induced topological superconductivity},
  author = {Hui, Hoi-Yin and Sau, Jay D. and Das Sarma, S.},
  journal = {Phys. Rev. B},
  volume = {92},
  issue = {17},
  pages = {174512},
  numpages = {11},
  year = {2015},
  month = {Nov},
  publisher = {American Physical Society},
  doi = {10.1103/PhysRevB.92.174512},
  url = {http://link.aps.org/doi/10.1103/PhysRevB.92.174512}
}

@article{Hyart2013,
  title = {Flux-controlled quantum computation with Majorana fermions},
  author = {Hyart, T. and van Heck, B. and Fulga, I. C. and Burrello, M. and Akhmerov, A. R. and Beenakker, C. W. J.},
  journal = {Phys. Rev. B},
  volume = {88},
  issue = {3},
  pages = {035121},
  numpages = {17},
  year = {2013},
  month = {Jul},
  publisher = {American Physical Society},
  doi = {10.1103/PhysRevB.88.035121},
  url = {http://link.aps.org/doi/10.1103/PhysRevB.88.035121}
}

@MastersThesis{Ivashev2016,
    author     =     {Igor Ivashev},
    title     =     {{Theoretical investigations of Zinc Blende and Wurtzite semiconductor quantum wells on the rotated substrates}},
    school     =     {Wilfrid Laurier University},
    address     =     {Canada},
    year     =     {2016},
    url = {https://scholars.wlu.ca/etd/1833 }
 }

@article{Junior2016,
  title = {Realistic multiband $k\ifmmode\cdot\else\textperiodcentered\fi{}p$ approach from ab initio and spin-orbit coupling effects of InAs and InP in wurtzite phase},
  author = {Faria Junior, Paulo E. and Campos, Tiago and Bastos, Carlos M. O. and Gmitra, Martin and Fabian, Jaroslav and Sipahi, Guilherme M.},
  journal = {Phys. Rev. B},
  volume = {93},
  issue = {23},
  pages = {235204},
  numpages = {14},
  year = {2016},
  month = {Jun},
  publisher = {American Physical Society},
  doi = {10.1103/PhysRevB.93.235204},
  url = {https://link.aps.org/doi/10.1103/PhysRevB.93.235204}
}

@article{Kane1957,
title = "Band structure of indium antimonide",
journal = "Journal of Physics and Chemistry of Solids",
volume = "1",
number = "4",
pages = "249 - 261",
year = "1957",
issn = "0022-3697",
doi = "https://doi.org/10.1016/0022-3697(57)90013-6",
url = "http://www.sciencedirect.com/science/article/pii/0022369757900136",
author = "Evan O. Kane"
}

@article{Karzig2017,
  title = {Scalable designs for quasiparticle-poisoning-protected topological quantum computation with Majorana zero modes},
  author = {Karzig, Torsten and Knapp, Christina and Lutchyn, Roman M. and Bonderson, Parsa and Hastings, Matthew B. and Nayak, Chetan and Alicea, Jason and Flensberg, Karsten and Plugge, Stephan and Oreg, Yuval and Marcus, Charles M. and Freedman, Michael H.},
  journal = {Phys. Rev. B},
  volume = {95},
  issue = {23},
  pages = {235305},
  numpages = {32},
  year = {2017},
  month = {Jun},
  publisher = {American Physical Society},
  doi = {10.1103/PhysRevB.95.235305},
  url = {https://link.aps.org/doi/10.1103/PhysRevB.95.235305}
}

@article{Karzig2021,
  title = {Quasiparticle Poisoning of Majorana Qubits},
  author = {Karzig, Torsten and Cole, William S. and Pikulin, Dmitry I.},
  journal = {Phys. Rev. Lett.},
  volume = {126},
  issue = {5},
  pages = {057702},
  numpages = {7},
  year = {2021},
  month = {Feb},
  publisher = {American Physical Society},
  doi = {10.1103/PhysRevLett.126.057702},
  url = {https://link.aps.org/doi/10.1103/PhysRevLett.126.057702}
}


@article{Kells2012,
  title = {Near-zero-energy end states in topologically trivial spin-orbit coupled superconducting nanowires with a smooth confinement},
  author = {Kells, G. and Meidan, D. and Brouwer, P. W.},
  journal = {Phys. Rev. B},
  volume = {86},
  issue = {10},
  pages = {100503},
  numpages = {5},
  year = {2012},
  month = {Sep},
  publisher = {American Physical Society},
  doi = {10.1103/PhysRevB.86.100503},
  url = {https://link.aps.org/doi/10.1103/PhysRevB.86.100503}
}

@article{Kanne2020,
      title={Epitaxial Pb on InAs nanowires}, 
      author={Thomas Kanne and Mikelis Marnauza and Dags Olsteins and Damon J. Carrad and Joachim E. Sestoft and Joeri de Bruijckere and Lunjie Zeng and Erik Johnson and Eva Olsson and Kasper Grove-Rasmussen and Jesper Nygård},
      year={2020},
      eprint={2002.11641},
      archivePrefix={arXiv},
      primaryClass={cond-mat.mes-hall}
}

@article{Kitaev2001,
  title = {{Unpaired Majorana fermions in quantum wires}},
  author = {Kitaev, A. Y.},
  journal = {Physics-Uspekhi},
  volume = {44},
  pages = {131},
  year = {2001},
  doi={10.1070/1063-7869/44/10S/S29}
}

@article{Kitaev2003,
title = {Fault-tolerant quantum computation by anyons},
journal = {Annals of Physics},
volume = {303},
number = {1},
pages = {2-30},
year = {2003},
issn = {0003-4916},
doi = {https://doi.org/10.1016/S0003-4916(02)00018-0},
url = {https://www.sciencedirect.com/science/article/pii/S0003491602000180},
author = {A.Yu. Kitaev}
}

@book{Kittel2019, place={Hoboken, NJ}, title={Introduction to solid state physics}, publisher={John Wiley & Sons}, author={Kittel, Charles and McEuen, Paul}, year={2019}}

@article{Kjaergaard2016,
  title = {Quantized conductance doubling and hard gap in a two-dimensional semiconductor–superconductor heterostructure},
  author = {Kjaergaard, M. and F. Nichele and H. J. Suominen and M. P. Nowak and M. Wimmer and A. R. Akhmerov and J. A. Folk and K. Flensberg and J. Shabani and C. J. Palmstrøm and C. M. Marcus},
  journal = {Nature Communications},
  volume = {7},
  pages = {12841},
  year = {2016},
  doi = {doi:10.1038/ncomms12841},
  url = {https://www.nature.com/articles/ncomms12841}
}

@article{Klinovaja2012,
  title = {Composite Majorana fermion wave functions in nanowires},
  author = {Klinovaja, Jelena and Loss, Daniel},
  journal = {Phys. Rev. B},
  volume = {86},
  issue = {8},
  pages = {085408},
  numpages = {11},
  year = {2012},
  month = {Aug},
  publisher = {American Physical Society},
  doi = {10.1103/PhysRevB.86.085408},
  url = {https://link.aps.org/doi/10.1103/PhysRevB.86.085408}
}

@Article{Klinovaja2015,
author="Klinovaja, Jelena
and Loss, Daniel",
title="Fermionic and Majorana bound states in hybrid nanowires with non-uniform spin-orbit interaction",
journal="The European Physical Journal B",
year="2015",
month="Mar",
day="16",
volume="88",
number="3",
pages="62",
abstract="We study intragap bound states in the topological phase of a Rashba nanowire in the presence of a magnetic field and with non-uniform spin orbit interaction (SOI) and proximity-induced superconductivity gap. We show that fermionic bound states (FBS) can emerge inside the proximity gap. They are localized at the junction between two wire sections characterized by different directions of the SOI vectors, and they coexist with Majorana bound states (MBS) localized at the nanowire ends. The energy of the FBS is determined by the angle between the SOI vectors and the lengthscale over which the SOI changes compared to the Fermi wavelength and the localization length. We also consider double-junctions and show that the two emerging FBSs can hybridize and form a double quantum dot-like structure inside the gap. We find explicit analytical solutions of the bound states and their energies for certain parameter regimes such as weak and strong SOI. The analytical results are confirmed and complemented by an independent numerical tight-binding model approach. Such FBS can act as quasiparticle traps and thus can have implications for topological quantum computing schemes based on braiding MBSs.",
issn="1434-6036",
doi="10.1140/epjb/e2015-50882-2",
url="https://doi.org/10.1140/epjb/e2015-50882-2"
}

@article{Krizek2018,
  title = {Field effect enhancement in buffered quantum nanowire networks},
  author = {Krizek, Filip and Sestoft, Joachim E. and Aseev, Pavel and Marti-Sanchez, Sara and Vaitiek\ifmmode \dot{e}\else \.{e}\fi{}nas, Saulius and Casparis, Lucas and Khan, Sabbir A. and Liu, Yu and Stankevi\ifmmode \check{c}\else \v{c}\fi{}, Toma\ifmmode \check{s}\else \v{s}\fi{} and Whiticar, Alexander M. and Fursina, Alexandra and Boekhout, Frenk and Koops, Rene and Uccelli, Emanuele and Kouwenhoven, Leo P. and Marcus, Charles M. and Arbiol, Jordi and Krogstrup, Peter},
  journal = {Phys. Rev. Materials},
  volume = {2},
  issue = {9},
  pages = {093401},
  numpages = {8},
  year = {2018},
  month = {Sep},
  publisher = {American Physical Society},
  doi = {10.1103/PhysRevMaterials.2.093401},
  url = {https://link.aps.org/doi/10.1103/PhysRevMaterials.2.093401}
}

@article{Kohn1955,
  title = {Theory of Donor States in Silicon},
  author = {Kohn, W. and Luttinger, J. M.},
  journal = {Phys. Rev.},
  volume = {98},
  issue = {4},
  pages = {915--922},
  numpages = {0},
  year = {1955},
  month = {May},
  publisher = {American Physical Society},
  doi = {10.1103/PhysRev.98.915},
  url = {https://link.aps.org/doi/10.1103/PhysRev.98.915}
}

@article{Krogstrup2015,
  title = {Epitaxy of semiconductor–superconductor nanowires},
  author = {Krogstrup, P. and N. L. B. Ziino and W. Chang and S. M. Albrecht and M. H. Madsen and E. Johnson and J. Nyg{\r a}rd and C. M. Marcus and T. S. Jespersen},
  journal = {Nature Materials},
  volume = {14},
  pages = {400},
  year = {2015},
  publisher = {Nature Publishing Group},
  doi = {10.1038/nmat4176},
  url = {http://www.nature.com/nmat/journal/v14/n4/full/nmat4176.html}
}

@article{Lahtinen2017,
	title={{A Short Introduction to Topological Quantum Computation}},
	author={Ville Lahtinen and Jiannis K. Pachos},
	journal={SciPost Phys.},
	volume={3},
	issue={3},
	pages={021},
	year={2017},
	publisher={SciPost},
	doi={10.21468/SciPostPhys.3.3.021},
	url={https://scipost.org/10.21468/SciPostPhys.3.3.021},
}

@article{Lai1986,
  title = {Ground-state variational wave function for the quasi-one-dimensional semiconductor quantum wire},
  author = {Lai, W. Y. and Das Sarma, S.},
  journal = {Phys. Rev. B},
  volume = {33},
  issue = {12},
  pages = {8874--8877},
  numpages = {0},
  year = {1986},
  month = {Jun},
  publisher = {American Physical Society},
  doi = {10.1103/PhysRevB.33.8874},
  url = {https://link.aps.org/doi/10.1103/PhysRevB.33.8874}
}

@article{Lai2019,
  title = {Presence versus absence of end-to-end nonlocal conductance correlations in Majorana nanowires: Majorana bound states versus Andreev bound states},
  author = {Lai, Yi-Hua and Sau, Jay D. and Das Sarma, Sankar},
  journal = {Phys. Rev. B},
  volume = {100},
  issue = {4},
  pages = {045302},
  numpages = {15},
  year = {2019},
  month = {Jul},
  publisher = {American Physical Society},
  doi = {10.1103/PhysRevB.100.045302},
  url = {https://link.aps.org/doi/10.1103/PhysRevB.100.045302}
}


@article{Landau2016,
  title = {Towards Realistic Implementations of a Majorana Surface Code},
  author = {Landau, L. A. and Plugge, S. and Sela, E. and Altland, A. and Albrecht, S. M. and Egger, R.},
  journal = {Phys. Rev. Lett.},
  volume = {116},
  issue = {5},
  pages = {050501},
  numpages = {5},
  year = {2016},
  month = {Feb},
  publisher = {American Physical Society},
  doi = {10.1103/PhysRevLett.116.050501},
  url = {http://link.aps.org/doi/10.1103/PhysRevLett.116.050501}
}

@article{Laux1986,
  title = {Electron states in narrow gate‐induced channels in Si},
  author = { Laux, S. E. and F. Stern},
  journal = {Appl. Phys. Lett.},
  volume = {49},
  pages = {91},
  year = {1986},
  doi = {10.1063/1.97361}
}

@article{Laeven2020,
  title = {Enhanced Proximity Effect in Zigzag-Shaped Majorana Josephson Junctions},
  author = {Laeven, Tom and Nijholt, Bas and Wimmer, Michael and Akhmerov, Anton R.},
  journal = {Phys. Rev. Lett.},
  volume = {125},
  issue = {8},
  pages = {086802},
  numpages = {5},
  year = {2020},
  month = {Aug},
  publisher = {American Physical Society},
  doi = {10.1103/PhysRevLett.125.086802},
  url = {https://link.aps.org/doi/10.1103/PhysRevLett.125.086802}
}


@article{Law2009,
  title = {Majorana Fermion Induced Resonant Andreev Reflection},
  author = {Law, K. T. and Lee, Patrick A. and Ng, T. K.},
  journal = {Phys. Rev. Lett.},
  volume = {103},
  issue = {23},
  pages = {237001},
  numpages = {4},
  year = {2009},
  month = {Dec},
  publisher = {American Physical Society},
  doi = {10.1103/PhysRevLett.103.237001},
  url = {http://link.aps.org/doi/10.1103/PhysRevLett.103.237001}
}

@article{Lee2014,
  title = {Spin-resolved Andreev levels and parity crossings in hybrid superconductor–semiconductor nanostructures},
  author = {Lee, E. J. H. and Xiaocheng Jiang and Manuel Houzet and Ramón Aguado and Charles M. Lieber and Silvano De Franceschi},
  journal = {Nature Nanotechnology},
  volume = {9},
  pages = {79},
  year = {2014},
  doi = {10.1038/nnano.2013.267}
}

@article{Lee2019,
  title = {Selective-area chemical beam epitaxy of in-plane InAs one-dimensional channels grown on InP(001), InP(111)B, and InP(011) surfaces},
  author = {Lee, Joon Sue and Choi, Sukgeun and Pendharkar, Mihir and Pennachio, Daniel J. and Markman, Brian and Seas, Michael and Koelling, Sebastian and Verheijen, Marcel A. and Casparis, Lucas and Petersson, Karl D. and Petkovic, Ivana and Schaller, Vanessa and Rodwell, Mark J. W. and Marcus, Charles M. and Krogstrup, Peter and Kouwenhoven, Leo P. and Bakkers, Erik P. A. M. and Palmstr\o{}m, Chris J.},
  journal = {Phys. Rev. Materials},
  volume = {3},
  issue = {8},
  pages = {084606},
  numpages = {12},
  year = {2019},
  month = {Aug},
  publisher = {American Physical Society},
  doi = {10.1103/PhysRevMaterials.3.084606},
  url = {https://link.aps.org/doi/10.1103/PhysRevMaterials.3.084606}
}

@article{Lee2019a, title={Transport Studies of Epi-Al/InAs Two-Dimensional Electron Gas Systems for Required Building-Blocks in Topological Superconductor Networks}, volume={19}, DOI={10.1021/acs.nanolett.9b00494}, number={5}, journal={Nano Letters}, author={Lee, Joon Sue and Shojaei, Borzoyeh and Pendharkar, Mihir and Mcfadden, Anthony P. and Kim, Younghyun and Suominen, Henri J. and Kjaergaard, Morten and Nichele, Fabrizio and Zhang, Hao and Marcus, Charles M. and et al.}, year={2019}, pages={3083–3090}}


@article{Leinaas1977,
	Author = {Leinaas, J. M., and J. Myrheim},
	Title = {{On the theory of identical particles}},
	Journal = { Nuovo Cimento},
	Volume = {37B},
	Pages = {1},
	Year = {1977}
}

@article{Leijnse2012,
  author={Leijnse, M. and K. Flensberg},
  title={{Introduction to topological superconductivity and Majorana fermions}},
  journal={Semiconductor Science and Technology},
  volume={27},
  pages={124003},
  url={http://stacks.iop.org/0268-1242/27/i=12/a=124003},
  year={2012}
}

@article{Lesser2021,
      title={Phase-induced topological superconductivity in a planar heterostructure}, 
      author={Omri Lesser and Andrew Saydjari and Marie Wesson and Amir Yacoby and Yuval Oreg},
      year={2021},
      eprint={2103.05651},
      archivePrefix={arXiv},
      primaryClass={cond-mat.mes-hall}
}

@article{Levine2017,
  title = {Realizing topological superconductivity with superlattices},
  author = {Levine, Yoav and Haim, Arbel and Oreg, Yuval},
  journal = {Phys. Rev. B},
  volume = {96},
  issue = {16},
  pages = {165147},
  numpages = {12},
  year = {2017},
  month = {Oct},
  publisher = {American Physical Society},
  doi = {10.1103/PhysRevB.96.165147},
  url = {https://link.aps.org/doi/10.1103/PhysRevB.96.165147}
}




@article{Lin2012,
  title = {Zero-bias conductance peak in Majorana wires made of semiconductor/superconductor hybrid structures},
  author = {Lin, Chien-Hung and Sau, Jay D. and Das Sarma, S.},
  journal = {Phys. Rev. B},
  volume = {86},
  issue = {22},
  pages = {224511},
  numpages = {11},
  year = {2012},
  month = {Dec},
  publisher = {American Physical Society},
  doi = {10.1103/PhysRevB.86.224511},
  url = {http://link.aps.org/doi/10.1103/PhysRevB.86.224511}
}

@article{Litinski2017,
  title = {Combining Topological Hardware and Topological Software: Color-Code Quantum Computing with Topological Superconductor Networks},
  author = {Litinski, Daniel and Kesselring, Markus S. and Eisert, Jens and von Oppen, Felix},
  journal = {Phys. Rev. X},
  volume = {7},
  issue = {3},
  pages = {031048},
  numpages = {26},
  year = {2017},
  month = {Sep},
  publisher = {American Physical Society},
  doi = {10.1103/PhysRevX.7.031048},
  url = {https://link.aps.org/doi/10.1103/PhysRevX.7.031048}
}

@article{Liu2012,
  title = {Zero-Bias Peaks in the Tunneling Conductance of Spin-Orbit-Coupled Superconducting Wires with and without Majorana End-States},
  author = {Liu, Jie and Potter, Andrew C. and Law, K. T. and Lee, Patrick A.},
  journal = {Phys. Rev. Lett.},
  volume = {109},
  issue = {26},
  pages = {267002},
  numpages = {5},
  year = {2012},
  month = {Dec},
  publisher = {American Physical Society},
  doi = {10.1103/PhysRevLett.109.267002},
  url = {https://link.aps.org/doi/10.1103/PhysRevLett.109.267002}
}

@article{Liu2017,
  title = {Role of dissipation in realistic Majorana nanowires},
  author = {Liu, Chun-Xiao and Sau, Jay D. and Das Sarma, S.},
  journal = {Phys. Rev. B},
  volume = {95},
  issue = {5},
  pages = {054502},
  numpages = {5},
  year = {2017},
  month = {Feb},
  publisher = {American Physical Society},
  doi = {10.1103/PhysRevB.95.054502},
  url = {http://link.aps.org/doi/10.1103/PhysRevB.95.054502}
}

@article{Liu2017a,
  title = {Andreev bound states versus Majorana bound states in quantum dot-nanowire-superconductor hybrid structures: Trivial versus topological zero-bias conductance peaks},
  author = {Liu, Chun-Xiao and Sau, Jay D. and Stanescu, Tudor D. and Das Sarma, S.},
  journal = {Phys. Rev. B},
  volume = {96},
  issue = {7},
  pages = {075161},
  numpages = {29},
  year = {2017},
  month = {Aug},
  publisher = {American Physical Society},
  doi = {10.1103/PhysRevB.96.075161},
  url = {https://link.aps.org/doi/10.1103/PhysRevB.96.075161}
}

@article{Lobos2012,
  title = {Interplay of Disorder and Interaction in Majorana Quantum Wires},
  author = {Lobos, Alejandro M. and Lutchyn, Roman M. and Das Sarma, S.},
  journal = {Phys. Rev. Lett.},
  volume = {109},
  issue = {14},
  pages = {146403},
  numpages = {5},
  year = {2012},
  month = {Oct},
  publisher = {American Physical Society},
  doi = {10.1103/PhysRevLett.109.146403},
  url = {http://link.aps.org/doi/10.1103/PhysRevLett.109.146403}
}

@article{Loehr1994,
  title = {Improved effective-bond-orbital model for superlattices},
  author = {Loehr, John P.},
  journal = {Phys. Rev. B},
  volume = {50},
  issue = {8},
  pages = {5429--5434},
  numpages = {0},
  year = {1994},
  month = {Aug},
  publisher = {American Physical Society},
  doi = {10.1103/PhysRevB.50.5429},
  url = {https://link.aps.org/doi/10.1103/PhysRevB.50.5429}
}

@article{Lowdin1951,
	author = {Löwdin,Per‐Olov },
	title = {A Note on the Quantum‐Mechanical Perturbation Theory},
	journal = {The Journal of Chemical Physics},
	volume = {19},
	number = {11},
	pages = {1396-1401},
	year = {1951},
	doi = {10.1063/1.1748067},
	URL = { https://doi.org/10.1063/1.1748067},
	eprint = {  https://doi.org/10.1063/1.1748067}
}

@article{Luo2016,
	author = {Luo,Ning  and Liao,Gaohua  and Xu,H. Q. },
	title = {k.p theory of freestanding narrow band gap semiconductor nanowires},
	journal = {AIP Advances},
	volume = {6},
	number = {12},
	pages = {125109},
	year = {2016},
	doi = {10.1063/1.4972987},
	URL = {https://doi.org/10.1063/1.4972987},
	eprint = {https://doi.org/10.1063/1.4972987}
}

@article{Lutchyn2010,
  title = {Majorana Fermions and a Topological Phase Transition in Semiconductor-Superconductor Heterostructures},
  author = {Lutchyn, Roman M. and Sau, Jay D. and Das Sarma, S.},
  journal = {Phys. Rev. Lett.},
  volume = {105},
  issue = {7},
  pages = {077001},
  numpages = {4},
  year = {2010},
  month = {Aug},
  publisher = {American Physical Society},
  doi = {10.1103/PhysRevLett.105.077001},
  url = {http://link.aps.org/doi/10.1103/PhysRevLett.105.077001}
}

@article{Lutchyn2011,
  title = {Search for Majorana Fermions in Multiband Semiconducting Nanowires},
  author = {Lutchyn, Roman M. and Stanescu, Tudor D. and Das Sarma, S.},
  journal = {Phys. Rev. Lett.},
  volume = {106},
  issue = {12},
  pages = {127001},
  numpages = {4},
  year = {2011},
  month = {Mar},
  publisher = {American Physical Society},
  doi = {10.1103/PhysRevLett.106.127001},
  url = {http://link.aps.org/doi/10.1103/PhysRevLett.106.127001}
}

@article{Lutchyn2018,
  author = {Lutchyn, R. M. and  E. P. A. M. Bakkers and  L. P. Kouwenhoven and P. Krogstrup and C. M. Marcus and Y. Oreg},
  title = {Majorana zero modes in superconductor–semiconductor heterostructures},
  journal = {Nature Reviews Materials},
  volume = {3},
  issue = {5},
  pages = {52},
  numpages = {17},
  year = {2018},
  month = {May},
  publisher = {Nature},
  doi = {10.1038/s41578-018-0003-1},
  url = {https://www.nature.com/articles/s41578-018-0003-1}
}

@article{Lutchyn2018b,
	Author = {Lutchyn, R. M. and Winkler, G. W. and Heck, B. V. and Karzig, T. and Flensberg, K. and Glazman, L. I. and Nayak, C.},
	Title = {Topological superconductivity in full shell proximitized nanowires},
	Journal = {arXiv:1809.05512},
    	year = {2018},
	Url = {https://arxiv.org/abs/1809.05512},
}

@article{Luttinger1956,
  title = {Quantum Theory of Cyclotron Resonance in Semiconductors: General Theory},
  author = {Luttinger, J. M.},
  journal = {Phys. Rev.},
  volume = {102},
  issue = {4},
  pages = {1030--1041},
  numpages = {0},
  year = {1956},
  month = {May},
  publisher = {American Physical Society},
  doi = {10.1103/PhysRev.102.1030},
  url = {https://link.aps.org/doi/10.1103/PhysRev.102.1030}
}

@article{Majorana1937,
	Author = {Majorana, E.},
	Title = {{Teoria simmetrica dell'elettrone e del positrone}},
	Journal = { Nuovo Cimento},
	Volume = {5},
	Pages = {171},
	Year = {1937}
}

@article{Manolescu2014,
  author={A. Manolescu and D. C. Marinescu and T. D. Stanescu},
  title={Coulomb interaction effects on the Majorana states in quantum wires},
  journal={Journal of Physics: Condensed Matter},
  volume={26},
  number={17},
  pages={172203},
  url={http://stacks.iop.org/0953-8984/26/i=17/a=172203},
  year={2014},
  abstract={The stability of the Majorana modes in the presence of a repulsive interaction is studied in the standard semiconductor wire–metallic superconductor configuration. The effects of short-range Coulomb interaction, which is incorporated using a purely repulsive δ -function to model the strong screening effect due to the presence of the superconductor, are determined within a Hartree–Fock approximation of the effective Bogoliubov–De Gennes Hamiltonian that describes the low-energy physics of the wire. Through a numerical diagonalization procedure we obtain interaction corrections to the single particle eigenstates and calculate the extended topological phase diagram in terms of the chemical potential and the Zeeman energy. We find that, for a fixed Zeeman energy, the interaction shifts the phase boundaries to a higher chemical potential, whereas for a fixed chemical potential this shift can occur either at lower or higher Zeeman energies. These effects can be interpreted as a renormalization of the g-factor due to the interaction. The minimum Zeeman energy needed to realize Majorana fermions decreases with the increasing strength of the Coulomb repulsion. Furthermore, we find that in wires with multi-band occupancy this effect can be enhanced by increasing the chemical potential, i.e. by occupying higher energy bands.}
}
	
@article{Martin2014,
  title = {Nonequilibrium theory of tunneling into a localized state in a superconductor},
  author = {Martin, Ivar and Mozyrsky, Dmitry},
  journal = {Phys. Rev. B},
  volume = {90},
  issue = {10},
  pages = {100508},
  numpages = {5},
  year = {2014},
  month = {Sep},
  publisher = {American Physical Society},
  doi = {10.1103/PhysRevB.90.100508},
  url = {http://link.aps.org/doi/10.1103/PhysRevB.90.100508}
}

@article{Mayer2020, title={Superconducting Proximity Effect in InAsSb Surface Quantum Wells with In Situ Al Contacts}, volume={2}, DOI={10.1021/acsaelm.0c00269}, number={8}, journal={ACS Applied Electronic Materials}, author={Mayer, William and Schiela, William F. and Yuan, Joseph and Hatefipour, Mehdi and Sarney, Wendy L. and Svensson, Stefan P. and Leff, Asher C. and Campos, Tiago and Wickramasinghe, Kaushini S. and Dartiailh, Matthieu C. and et al.}, year={2020}, pages={2351–2356}}

@article{Mikkelsen2018,
  title = {Hybridization at Superconductor-Semiconductor Interfaces},
  author = {Mikkelsen, August E. G. and Kotetes, Panagiotis and Krogstrup, Peter and Flensberg, Karsten},
  journal = {Phys. Rev. X},
  volume = {8},
  issue = {3},
  pages = {031040},
  numpages = {17},
  year = {2018},
  month = {Aug},
  publisher = {American Physical Society},
  doi = {10.1103/PhysRevX.8.031040},
  url = {https://link.aps.org/doi/10.1103/PhysRevX.8.031040}
}

@article{Moor2018,
  author={Michiel W A de Moor and Jouri D S Bommer and Di Xu and Georg W Winkler and Andrey E Antipov and Arno Bargerbos and Guanzhong
Wang and Nick van Loo and Roy L M Op het Veld and Sasa Gazibegovic and Diana Car and John A Logan and Mihir Pendharkar and Joon
Sue Lee and Erik P A M Bakkers and Chris J Palmstrøm and Roman M Lutchyn and Leo P Kouwenhoven and Hao Zhang},
  title={Electric field tunable superconductor-semiconductor coupling in Majorana nanowires},
  journal={New Journal of Physics},
  volume={20},
  number={10},
  pages={103049},
  url={http://stacks.iop.org/1367-2630/20/i=10/a=103049},
  year={2018},
}

@article{Moore2018,
  title = {Two-terminal charge tunneling: Disentangling Majorana zero modes from partially separated Andreev bound states in semiconductor-superconductor heterostructures},
  author = {Moore, Christopher and Stanescu, Tudor D. and Tewari, Sumanta},
  journal = {Phys. Rev. B},
  volume = {97},
  issue = {16},
  pages = {165302},
  numpages = {14},
  year = {2018},
  month = {Apr},
  publisher = {American Physical Society},
  doi = {10.1103/PhysRevB.97.165302},
  url = {https://link.aps.org/doi/10.1103/PhysRevB.97.165302}
}

@article{Moore2018a,
  title = {Quantized zero-bias conductance plateau in semiconductor-superconductor heterostructures without topological Majorana zero modes},
  author = {Moore, Christopher and Zeng, Chuanchang and Stanescu, Tudor D. and Tewari, Sumanta},
  journal = {Phys. Rev. B},
  volume = {98},
  issue = {15},
  pages = {155314},
  numpages = {6},
  year = {2018},
  month = {Oct},
  publisher = {American Physical Society},
  doi = {10.1103/PhysRevB.98.155314},
  url = {https://link.aps.org/doi/10.1103/PhysRevB.98.155314}
}

@article {Mourik2012,
	author = {Mourik, V. and Zuo, K. and Frolov, S. M. and Plissard, S. R. and Bakkers, E. P. A. M. and Kouwenhoven, L. P.},
	title = {{Signatures of Majorana Fermions in Hybrid Superconductor-Semiconductor Nanowire Devices}},
	volume = {336},
	pages = {1003},
	year = {2012},
	doi = {10.1126/science.1222360},
	publisher = {American Association for the Advancement of Science},
	issn = {0036-8075},
	URL = {http://science.sciencemag.org/content/336/6084/1003},
	journal = {Science}
}

@article{NadjPerge2013,
  title = {Proposal for realizing Majorana fermions in chains of magnetic atoms on a superconductor},
  author = {Nadj-Perge, S. and Drozdov, I. K. and Bernevig, B. A. and Yazdani, Ali},
  journal = {Phys. Rev. B},
  volume = {88},
  issue = {2},
  pages = {020407},
  numpages = {5},
  year = {2013},
  month = {Jul},
  publisher = {American Physical Society},
  doi = {10.1103/PhysRevB.88.020407},
  url = {https://link.aps.org/doi/10.1103/PhysRevB.88.020407}
}

@article {NadjPerge2014,
	author = {Nadj-Perge, Stevan and Drozdov, Ilya K. and Li, Jian and Chen, Hua and Jeon, Sangjun and Seo, Jungpil and MacDonald, Allan H. and Bernevig, B. Andrei and Yazdani, Ali},
	title = {Observation of Majorana fermions in ferromagnetic atomic chains on a superconductor},
	volume = {346},
	number = {6209},
	pages = {602},
	year = {2014},
	doi = {10.1126/science.1259327},
	publisher = {American Association for the Advancement of Science},
	issn = {0036-8075},
	URL = {http://science.sciencemag.org/content/346/6209/602},
	journal = {Science}
}

@article{Nayak1996,
title = "{$2n$-quasihole states realize $2^{n-1}$-dimensional spinor braiding statistics in paired quantum Hall states}",
journal = "Nuclear Physics B ",
volume = "479",
pages = "529",
year = "1996",
issn = "0550-3213",
doi = "http://dx.doi.org/10.1016/0550-3213(96)00430-0",
url = "http://www.sciencedirect.com/science/article/pii/0550321396004300",
author = "Nayak, C. and F. Wilczek",
keywords = "Fractional quantum Hall effect",
keywords = "Non-abelian statistics",
keywords = "Paired states "
}

@article{Nayak2008,
  title = {Non-Abelian anyons and topological quantum computation},
  author = {Nayak, Chetan and Simon, Steven H. and Stern, Ady and Freedman, Michael and Das Sarma, Sankar},
  journal = {Rev. Mod. Phys.},
  volume = {80},
  issue = {3},
  pages = {1083},
  numpages = {0},
  year = {2008},
  month = {Sep},
  publisher = {American Physical Society},
  doi = {10.1103/RevModPhys.80.1083},
  url = {http://link.aps.org/doi/10.1103/RevModPhys.80.1083}
}

@article{Nichele2017,
  title = {Scaling of Majorana Zero-Bias Conductance Peaks},
  author = {Nichele, Fabrizio and Drachmann, Asbj\o{}rn C. C. and Whiticar, Alexander M. and O'Farrell, Eoin C. T. and Suominen, Henri J. and Fornieri, Antonio and Wang, Tian and Gardner, Geoffrey C. and Thomas, Candice and Hatke, Anthony T. and Krogstrup, Peter and Manfra, Michael J. and Flensberg, Karsten and Marcus, Charles M.},
  journal = {Phys. Rev. Lett.},
  volume = {119},
  issue = {13},
  pages = {136803},
  numpages = {5},
  year = {2017},
  month = {Sep},
  publisher = {American Physical Society},
  doi = {10.1103/PhysRevLett.119.136803},
  url = {https://link.aps.org/doi/10.1103/PhysRevLett.119.136803}
}

@article{Nijholt2016,
  title = {Orbital effect of magnetic field on the Majorana phase diagram},
  author = {Nijholt, Bas and Akhmerov, Anton R.},
  journal = {Phys. Rev. B},
  volume = {93},
  issue = {23},
  pages = {235434},
  numpages = {6},
  year = {2016},
  month = {Jun},
  publisher = {American Physical Society},
  doi = {10.1103/PhysRevB.93.235434},
  url = {http://link.aps.org/doi/10.1103/PhysRevB.93.235434}
}

@book{Nolting2018, place={Cham}, title={Fundamentals of many-body physics}, publisher={Springer}, author={Nolting, Wolfgang and Brewer, William D.}, year={2018}}

@article{Odashima2016, title={Pedagogical introduction to equilibrium Greens functions: condensed-matter examples with numerical implementations}, volume={39}, DOI={10.1590/1806-9126-rbef-2016-0087}, number={1}, journal={Revista Brasileira de Ensino de Física}, author={Odashima, Mariana M. and Prado, Beatriz G. and Vernek, E.}, year={2016}}

@article{OFarrell2018,
  title = {Hybridization of Subgap States in One-Dimensional Superconductor-Semiconductor Coulomb Islands},
  author = {O'Farrell, E. C. T. and Drachmann, A. C. C. and Hell, M. and Fornieri, A. and Whiticar, A. M. and Hansen, E. B. and Gronin, S. and Gardner, G. C. and Thomas, C. and Manfra, M. J. and Flensberg, K. and Marcus, C. M. and Nichele, F.},
  journal = {Phys. Rev. Lett.},
  volume = {121},
  issue = {25},
  pages = {256803},
  numpages = {5},
  year = {2018},
  month = {Dec},
  publisher = {American Physical Society},
  doi = {10.1103/PhysRevLett.121.256803},
  url = {https://link.aps.org/doi/10.1103/PhysRevLett.121.256803}
}


@article{Ojanen2013,
  title = {Topological $\ensuremath{\pi}$ Josephson junction in superconducting Rashba wires},
  author = {Ojanen, Teemu},
  journal = {Phys. Rev. B},
  volume = {87},
  issue = {10},
  pages = {100506},
  numpages = {5},
  year = {2013},
  month = {Mar},
  publisher = {American Physical Society},
  doi = {10.1103/PhysRevB.87.100506},
  url = {https://link.aps.org/doi/10.1103/PhysRevB.87.100506}
}

@article{Olsson1996,
  title = {Charge Accumulation at InAs Surfaces},
  author = {Olsson, L. \"O. and Andersson, C. B. M. and H\aa{}kansson, M. C. and Kanski, J. and Ilver, L. and Karlsson, U. O.},
  journal = {Phys. Rev. Lett.},
  volume = {76},
  issue = {19},
  pages = {3626--3629},
  numpages = {0},
  year = {1996},
  month = {May},
  publisher = {American Physical Society},
  doi = {10.1103/PhysRevLett.76.3626},
  url = {https://link.aps.org/doi/10.1103/PhysRevLett.76.3626}
}

@article{Oreg2010,
  title = {Helical Liquids and Majorana Bound States in Quantum Wires},
  author = {Oreg, Yuval and Refael, Gil and von Oppen, Felix},
  journal = {Phys. Rev. Lett.},
  volume = {105},
  issue = {17},
  pages = {177002},
  numpages = {4},
  year = {2010},
  month = {Oct},
  publisher = {American Physical Society},
  doi = {10.1103/PhysRevLett.105.177002},
  url = {http://link.aps.org/doi/10.1103/PhysRevLett.105.177002}
}

@article{Pakizer2021,
  title = {Crystalline anisotropic topological superconductivity in planar Josephson junctions},
  author = {Pakizer, Joseph D. and Scharf, Benedikt and Matos-Abiague, Alex},
  journal = {Phys. Rev. Research},
  volume = {3},
  issue = {1},
  pages = {013198},
  numpages = {10},
  year = {2021},
  month = {Feb},
  publisher = {American Physical Society},
  doi = {10.1103/PhysRevResearch.3.013198},
  url = {https://link.aps.org/doi/10.1103/PhysRevResearch.3.013198}
}


@article{Pan2019,
	Author = {Pan, H. and Cole, W. S. and Sau, J. D. and Das Sarma, S.},
	Title = {{Generic quantized zero-bias conductance peaks in superconductor-semiconductor hybrid structures}},
	Journal = {e-print  arXiv:1906.08193},
	Url = {https://arxiv.org/abs/1906.08193},
	Year = {2019}
}

@article{Pan2020,
  title = {Physical mechanisms for zero-bias conductance peaks in Majorana nanowires},
  author = {Pan, Haining and Das Sarma, S.},
  journal = {Phys. Rev. Research},
  volume = {2},
  issue = {1},
  pages = {013377},
  numpages = {33},
  year = {2020},
  month = {Mar},
  publisher = {American Physical Society},
  doi = {10.1103/PhysRevResearch.2.013377},
  url = {https://link.aps.org/doi/10.1103/PhysRevResearch.2.013377}
}


@misc{Pan2021a,
      title={Crossover between trivial zero modes in Majorana nanowires}, 
      author={Haining Pan and Sankar Das Sarma},
      year={2021},
      eprint={2102.07296},
      archivePrefix={arXiv},
      primaryClass={cond-mat.mes-hall}
}

@article{Pankratova2020,
  title = {Multiterminal Josephson Effect},
  author = {Pankratova, Natalia and Lee, Hanho and Kuzmin, Roman and Wickramasinghe, Kaushini and Mayer, William and Yuan, Joseph and Vavilov, Maxim G. and Shabani, Javad and Manucharyan, Vladimir E.},
  journal = {Phys. Rev. X},
  volume = {10},
  issue = {3},
  pages = {031051},
  numpages = {12},
  year = {2020},
  month = {Sep},
  publisher = {American Physical Society},
  doi = {10.1103/PhysRevX.10.031051},
  url = {https://link.aps.org/doi/10.1103/PhysRevX.10.031051}
}


@article{Pantelides1978,
  title = {The electronic structure of impurities and other point defects in semiconductors},
  author = {Pantelides, Sokrates T.},
  journal = {Rev. Mod. Phys.},
  volume = {50},
  issue = {4},
  pages = {797--858},
  numpages = {0},
  year = {1978},
  month = {Oct},
  publisher = {American Physical Society},
  doi = {10.1103/RevModPhys.50.797},
  url = {https://link.aps.org/doi/10.1103/RevModPhys.50.797}
}


@article{Peng2015,
  title = {Robust Majorana Conductance Peaks for a Superconducting Lead},
  author = {Peng, Yang and Pientka, Falko and Vinkler-Aviv, Yuval and Glazman, Leonid I. and von Oppen, Felix},
  journal = {Phys. Rev. Lett.},
  volume = {115},
  issue = {26},
  pages = {266804},
  numpages = {6},
  year = {2015},
  month = {Dec},
  publisher = {American Physical Society},
  doi = {10.1103/PhysRevLett.115.266804},
  url = {https://link.aps.org/doi/10.1103/PhysRevLett.115.266804}
}

@article{Pfeiffer1989,
  doi = {10.1063/1.102162},
  url = {https://doi.org/10.1063/1.102162},
  year = {1989},
  month = oct,
  publisher = {{AIP} Publishing},
  volume = {55},
  number = {18},
  pages = {1888--1890},
  author = {Loren Pfeiffer and K. W. West and H. L. Stormer and K. W. Baldwin},
  title = {Electron mobilities exceeding $10^7\text{ cm}^2$/$\text{V s}$ in modulation-doped {GaAs}},
  journal = {Applied Physics Letters}
}

@article{Pikulin2012,
  author={D I Pikulin and J P Dahlhaus and M Wimmer and H Schomerus and C W J Beenakker},
  title={A zero-voltage conductance peak from weak antilocalization in a Majorana nanowire},
  journal={New Journal of Physics},
  volume={14},
  number={12},
  pages={125011},
  url={http://stacks.iop.org/1367-2630/14/i=12/a=125011},
  year={2012},
  abstract={We show that weak antilocalization by disorder competes with resonant Andreev reflection from a Majorana zero mode to produce a zero-voltage conductance peak of order e 2 / h in a superconducting nanowire. The phase conjugation needed for quantum interference to survive a disorder average is provided by particle–hole symmetry—in the absence of time-reversal symmetry and without requiring a topologically nontrivial phase. We identify methods of distinguishing the Majorana resonance from the weak antilocalization effect.}
}

@article{Pientka2012,
  title = {Enhanced Zero-Bias Majorana Peak in the Differential Tunneling Conductance of Disordered Multisubband Quantum-Wire/Superconductor Junctions},
  author = {Pientka, Falko and Kells, Graham and Romito, Alessandro and Brouwer, Piet W. and von Oppen, Felix},
  journal = {Phys. Rev. Lett.},
  volume = {109},
  issue = {22},
  pages = {227006},
  numpages = {5},
  year = {2012},
  month = {Nov},
  publisher = {American Physical Society},
  doi = {10.1103/PhysRevLett.109.227006},
  url = {http://link.aps.org/doi/10.1103/PhysRevLett.109.227006}
}

@article{Pientka2013,
  title = {Topological superconducting phase in helical Shiba chains},
  author = {Pientka, Falko and Glazman, Leonid I. and von Oppen, Felix},
  journal = {Phys. Rev. B},
  volume = {88},
  issue = {15},
  pages = {155420},
  numpages = {13},
  year = {2013},
  month = {Oct},
  publisher = {American Physical Society},
  doi = {10.1103/PhysRevB.88.155420},
  url = {https://link.aps.org/doi/10.1103/PhysRevB.88.155420}
}

@article{Pientka2017,
  title = {Topological Superconductivity in a Planar Josephson Junction},
  author = {Pientka, Falko and Keselman, Anna and Berg, Erez and Yacoby, Amir and Stern, Ady and Halperin, Bertrand I.},
  journal = {Phys. Rev. X},
  volume = {7},
  issue = {2},
  pages = {021032},
  numpages = {17},
  year = {2017},
  month = {May},
  publisher = {American Physical Society},
  doi = {10.1103/PhysRevX.7.021032},
  url = {https://link.aps.org/doi/10.1103/PhysRevX.7.021032}
}

@article{Plugge2017,
  author={Plugge, S. and Asbjørn Rasmussen and Reinhold Egger and Karsten Flensberg},
  title={Majorana box qubits},
  journal={New Journal of Physics},
  volume={19},
  number={1},
  pages={012001},
  url={http://stacks.iop.org/1367-2630/19/i=1/a=012001},
  year={2017}
}

@article{Potter2011,
  title = {Majorana end states in multiband microstructures with Rashba spin-orbit coupling},
  author = {Potter, A. C. and Lee, P. A.},
  journal = {Phys. Rev. B},
  volume = {83},
  issue = {9},
  pages = {094525},
  numpages = {8},
  year = {2011},
  month = {Mar},
  publisher = {American Physical Society},
  doi = {10.1103/PhysRevB.83.094525},
  url = {http://link.aps.org/doi/10.1103/PhysRevB.83.094525}
}

@article{Prada2012,
  title = {Transport spectroscopy of $NS$ nanowire junctions with Majorana fermions},
  author = {Prada, Elsa and San-Jose, Pablo and Aguado, Ram\'on},
  journal = {Phys. Rev. B},
  volume = {86},
  issue = {18},
  pages = {180503},
  numpages = {5},
  year = {2012},
  month = {Nov},
  publisher = {American Physical Society},
  doi = {10.1103/PhysRevB.86.180503},
  url = {http://link.aps.org/doi/10.1103/PhysRevB.86.180503}
}

@article{Prada2017,
  title = {Measuring Majorana nonlocality and spin structure with a quantum dot},
  author = {Prada, Elsa and Aguado, Ram\'on and San-Jose, Pablo},
  journal = {Phys. Rev. B},
  volume = {96},
  issue = {8},
  pages = {085418},
  numpages = {10},
  year = {2017},
  month = {Aug},
  publisher = {American Physical Society},
  doi = {10.1103/PhysRevB.96.085418},
  url = {https://link.aps.org/doi/10.1103/PhysRevB.96.085418}
}

@article{Prada2020,
  doi = {10.1038/s42254-020-0228-y},
  url = {https://doi.org/10.1038/s42254-020-0228-y},
  year = {2020},
  month = sep,
  publisher = {Springer Science and Business Media {LLC}},
  author = {Elsa Prada and Pablo San-Jose and Michiel W. A. de Moor and Attila Geresdi and Eduardo J. H. Lee and Jelena Klinovaja and Daniel Loss and Jesper Nyg{\aa}rd and Ram{\'{o}}n Aguado and Leo P. Kouwenhoven},
  title = {From Andreev to Majorana bound states in hybrid superconductor{\textendash}semiconductor nanowires},
  journal = {Nature Reviews Physics}
}

@article{Ptok2017,
  title = {Controlling the bound states in a quantum-dot hybrid nanowire},
  author = {Ptok, Andrzej and Kobia\l{}ka, Aksel and Doma\ifmmode \acute{n}\else \'{n}\fi{}ski, Tadeusz},
  journal = {Phys. Rev. B},
  volume = {96},
  issue = {19},
  pages = {195430},
  numpages = {15},
  year = {2017},
  month = {Nov},
  publisher = {American Physical Society},
  doi = {10.1103/PhysRevB.96.195430},
  url = {https://link.aps.org/doi/10.1103/PhysRevB.96.195430}
}



@article{Qi2011,
  title = {Topological insulators and superconductors},
  author = {Qi, Xiao-Liang and Zhang, Shou-Cheng},
  journal = {Rev. Mod. Phys.},
  volume = {83},
  issue = {4},
  pages = {1057},
  numpages = {0},
  year = {2011},
  month = {Oct},
  publisher = {American Physical Society},
  doi = {10.1103/RevModPhys.83.1057},
  url = {http://link.aps.org/doi/10.1103/RevModPhys.83.1057}
}

@article{Rainis2013,
  title = {Towards a realistic transport modeling in a superconducting nanowire with Majorana fermions},
  author = {Rainis, Diego and Trifunovic, Luka and Klinovaja, Jelena and Loss, Daniel},
  journal = {Phys. Rev. B},
  volume = {87},
  issue = {2},
  pages = {024515},
  numpages = {6},
  year = {2013},
  month = {Jan},
  publisher = {American Physical Society},
  doi = {10.1103/PhysRevB.87.024515},
  url = {http://link.aps.org/doi/10.1103/PhysRevB.87.024515}
}

@article{Rammer1986,
  title = {Quantum field-theoretical methods in transport theory of metals},
  author = {Rammer, J. and Smith, H.},
  journal = {Rev. Mod. Phys.},
  volume = {58},
  issue = {2},
  pages = {323--359},
  numpages = {0},
  year = {1986},
  month = {Apr},
  publisher = {American Physical Society},
  doi = {10.1103/RevModPhys.58.323},
  url = {http://link.aps.org/doi/10.1103/RevModPhys.58.323}
}

@article{Reeg2017,
  title = {Transport signatures of topological superconductivity in a proximity-coupled nanowire},
  author = {Reeg, Christopher and Maslov, Dmitrii L.},
  journal = {Phys. Rev. B},
  volume = {95},
  issue = {20},
  pages = {205439},
  numpages = {15},
  year = {2017},
  month = {May},
  publisher = {American Physical Society},
  doi = {10.1103/PhysRevB.95.205439},
  url = {https://link.aps.org/doi/10.1103/PhysRevB.95.205439}
}

@article{Reeg2018,
  title = {Proximity effect in a two-dimensional electron gas coupled to a thin superconducting layer},
  author = {Reeg, Christopher and Loss, Daniel and Klinovaja, Jelena},
  journal = {Beilstein J. Nanotechnol.},
  volume = {9},
  pages = {1263-1271},
  numpages = {15},
  year = {2018},
  month = {April},
  doi = {10.3762/bjnano.9.118},
  url = {https://www.beilstein-journals.org/bjnano/articles/9/118}
}

@article{Reeg2018a,
  title = {Metallization of a Rashba wire by a superconducting layer in the strong-proximity regime},
  author = {Reeg, Christopher and Loss, Daniel and Klinovaja, Jelena},
  journal = {Phys. Rev. B},
  volume = {97},
  issue = {16},
  pages = {165425},
  numpages = {12},
  year = {2018},
  month = {Apr},
  publisher = {American Physical Society},
  doi = {10.1103/PhysRevB.97.165425},
  url = {https://link.aps.org/doi/10.1103/PhysRevB.97.165425}
}

@article{Reeg2018b,
  title = {Zero-energy Andreev bound states from quantum dots in proximitized Rashba nanowires},
  author = {Reeg, Christopher and Dmytruk, Olesia and Chevallier, Denis and Loss, Daniel and Klinovaja, Jelena},
  journal = {Phys. Rev. B},
  volume = {98},
  issue = {24},
  pages = {245407},
  numpages = {12},
  year = {2018},
  month = {Dec},
  publisher = {American Physical Society},
  doi = {10.1103/PhysRevB.98.245407},
  url = {https://link.aps.org/doi/10.1103/PhysRevB.98.245407}
}

@article{Read2000,
  title = {Paired states of fermions in two dimensions with breaking of parity and time-reversal symmetries and the fractional quantum Hall effect},
  author = {Read, N. and Green, Dmitry},
  journal = {Phys. Rev. B},
  volume = {61},
  issue = {15},
  pages = {10267},
  numpages = {0},
  year = {2000},
  month = {Apr},
  publisher = {American Physical Society},
  doi = {10.1103/PhysRevB.61.10267},
  url = {http://link.aps.org/doi/10.1103/PhysRevB.61.10267}
}

@article{Ren2019, title={Topological superconductivity in a phase-controlled Josephson junction}, volume={569}, DOI={10.1038/s41586-019-1148-9}, number={7754}, journal={Nature}, author={Ren, Hechen and Pientka, Falko and Hart, Sean and Pierce, Andrew T. and Kosowsky, Michael and Lunczer, Lukas and Schlereth, Raimund and Scharf, Benedikt and Hankiewicz, Ewelina M. and Molenkamp, Laurens W. and et al.}, year={2019}, pages={93–98}}

@article{Rokhinson2012,
  title = {The fractional a.c. Josephson effect in a semiconductor–superconductor nanowire as a signature of Majorana particles},
  author = {Rokhinson, L. P. and Xinyu Liu and Jacek K. Furdyna},
  journal = {Nature Physics},
  volume = {8},
  pages = {795},
  year = {2012},
  publisher = { Nature Publishing Group},
  doi = {10.1038/nphys2429},
  url = {http://www.nature.com/nphys/journal/v8/n11/full/nphys2429.html}
}

@article{Roy2013,
  title = {Topologically trivial zero-bias conductance peak in semiconductor Majorana wires from boundary effects},
  author = {Roy, Dibyendu and Bondyopadhaya, Nilanjan and Tewari, Sumanta},
  journal = {Phys. Rev. B},
  volume = {88},
  issue = {2},
  pages = {020502},
  numpages = {5},
  year = {2013},
  month = {Jul},
  publisher = {American Physical Society},
  doi = {10.1103/PhysRevB.88.020502},
  url = {https://link.aps.org/doi/10.1103/PhysRevB.88.020502}
}

@article{Sancho1985,
	doi = {10.1088/0305-4608/15/4/009},
	url = {https://doi.org/10.1088%2F0305-4608%2F15%2F4%2F009},
	year = 1985,
	month = {apr},
	publisher = {{IOP} Publishing},
	volume = {15},
	number = {4},
	pages = {851--858},
	author = {M P Lopez Sancho and J M Lopez Sancho and J M L Sancho and J Rubio},
	title = {Highly convergent schemes for the calculation of bulk and surface Green functions},
	journal = {Journal of Physics F: Metal Physics},
}

@article{SanJose2013,
  author={Pablo San-Jose and Jorge Cayao and Elsa Prada and Ramon Aguado},
  title={Multiple Andreev reflection and critical current in topological superconducting nanowire junctions},
  journal={New Journal of Physics},
  volume={15},
  number={7},
  pages={075019},
  url={http://stacks.iop.org/1367-2630/15/i=7/a=075019},
  year={2013},
  abstract={We study transport in a voltage-biased superconductor–normal–superconductor (SNS) junction made of semiconducting nanowires with strong spin–orbit coupling, as it transitions into a topological superconducting phase for increasing Zeeman field. Despite the absence of a fractional steady-state ac Josephson current in the topological phase, the dissipative multiple Andreev reflection current I dc at different junction transparencies is particularly revealing. It exhibits unique features related to topology, such as gap inversion, the formation of Majorana bound states and fermion-parity conservation. Moreover, the critical current I c , which remarkably does not vanish at the critical point where the system becomes gapless, provides direct evidence of the topological transition.}
}
	
@article{SanJose2016,
  author={Pablo San-Jose and Jorge Cayao and Elsa Prada and Ramon Aguado},
  title={Majorana bound states from exceptional points in non-topological superconductors},
  journal={Scientific Reports},
  volume={6},
  pages={21427},
  url={https://www.nature.com/articles/srep21427},
  year={2016}
}



@article{Sau2010,
  title = {Non-Abelian quantum order in spin-orbit-coupled semiconductors: Search for topological Majorana particles in solid-state systems},
  author = {Sau, J. D. and Tewari, S. and Lutchyn, R. M. and Stanescu, T. D. and Das Sarma, S.},
  journal = {Phys. Rev. B},
  volume = {82},
  issue = {21},
  pages = {214509},
  numpages = {26},
  year = {2010},
  month = {Dec},
  publisher = {American Physical Society},
  doi = {10.1103/PhysRevB.82.214509},
  url = {http://link.aps.org/doi/10.1103/PhysRevB.82.214509}
}

@article{Sau2010a,
  title = {Generic New Platform for Topological Quantum Computation Using Semiconductor Heterostructures},
  author = {Sau, Jay D. and Lutchyn, Roman M. and Tewari, Sumanta and Das Sarma, S.},
  journal = {Phys. Rev. Lett.},
  volume = {104},
  issue = {4},
  pages = {040502},
  numpages = {4},
  year = {2010},
  month = {Jan},
  publisher = {American Physical Society},
  doi = {10.1103/PhysRevLett.104.040502},
  url = {http://link.aps.org/doi/10.1103/PhysRevLett.104.040502}
}

@article{Sau2011,
  title = {Controlling non-Abelian statistics of Majorana fermions in semiconductor nanowires},
  author = {Sau, Jay D. and Clarke, David J. and Tewari, Sumanta},
  journal = {Phys. Rev. B},
  volume = {84},
  issue = {9},
  pages = {094505},
  numpages = {8},
  year = {2011},
  month = {Sep},
  publisher = {American Physical Society},
  doi = {10.1103/PhysRevB.84.094505},
  url = {https://link.aps.org/doi/10.1103/PhysRevB.84.094505}
}

@article{Sau2012,
  title = {Experimental and materials considerations for the topological superconducting state in electron- and hole-doped semiconductors: Searching for non-Abelian Majorana modes in 1D nanowires and 2D heterostructures},
  author = {Sau, Jay D. and Tewari, Sumanta and Das Sarma, S.},
  journal = {Phys. Rev. B},
  volume = {85},
  issue = {6},
  pages = {064512},
  numpages = {11},
  year = {2012},
  month = {Feb},
  publisher = {American Physical Society},
  doi = {10.1103/PhysRevB.85.064512},
  url = {http://link.aps.org/doi/10.1103/PhysRevB.85.064512}
}

@article{Sau2012a,
  title = {Realizing a robust practical Majorana chain in a quantum-dot-superconductor linear array},
  author = {Sau, Jay D. and S. Das Sarma},
  journal = {Nature Communications},
  volume = {3},
  pages = {964},
  year = {2012},
  publisher = {Nature Publishing Group},
  doi = {10.1038/ncomms1966},
  url = {http://www.nature.com/articles/ncomms1966}
}

@article{Sau2013,
  title = {Bound states at impurities as a probe of topological superconductivity in nanowires},
  author = {Sau, Jay D. and Demler, Eugene},
  journal = {Phys. Rev. B},
  volume = {88},
  issue = {20},
  pages = {205402},
  numpages = {6},
  year = {2013},
  month = {Nov},
  publisher = {American Physical Society},
  doi = {10.1103/PhysRevB.88.205402},
  url = {https://link.aps.org/doi/10.1103/PhysRevB.88.205402}
}

@article{Sau2013a,
  title = {Density of states of disordered topological superconductor-semiconductor hybrid nanowires},
  author = {Sau, Jay D. and Das Sarma, S.},
  journal = {Phys. Rev. B},
  volume = {88},
  issue = {6},
  pages = {064506},
  numpages = {7},
  year = {2013},
  month = {Aug},
  publisher = {American Physical Society},
  doi = {10.1103/PhysRevB.88.064506},
  url = {https://link.aps.org/doi/10.1103/PhysRevB.88.064506}
}

@article{Scharf2019,
  title = {Tuning topological superconductivity in phase-controlled Josephson junctions with Rashba and Dresselhaus spin-orbit coupling},
  author = {Scharf, Benedikt and Pientka, Falko and Ren, Hechen and Yacoby, Amir and Hankiewicz, Ewelina M.},
  journal = {Phys. Rev. B},
  volume = {99},
  issue = {21},
  pages = {214503},
  numpages = {19},
  year = {2019},
  month = {Jun},
  publisher = {American Physical Society},
  doi = {10.1103/PhysRevB.99.214503},
  url = {https://link.aps.org/doi/10.1103/PhysRevB.99.214503}
}


@article{Schrade2018,
  title = {Andreev or Majorana, Cooper finds ou},
  author = {Schrade,C. and Fu, L.},
  journal = {e-print   	arXiv:1809.06370 },
  year = {2018},
  url = {https://arxiv.org/abs/1809.06370}
}

@article{Schuwalow2019,
      title={Band bending profile and band offset extraction at semiconductor-metal interfaces}, 
      author={Sergej Schuwalow and Niels B. M. Schroeter and Jan Gukelberger and Candice Thomas and Vladimir Strocov and John Gamble and Alla Chikina and Marco Caputo and Jonas Krieger and Geoffrey C. Gardner and Matthias Troyer and Gabriel Aeppli and Michael J. Manfra and Peter Krogstrup},
      year={2019},
      eprint={1910.02735},
      journal={arXiv:1910.02735 },
      url = {https://arxiv.org/abs/1910.02735}
}

@article{Sela2011,
  title = {Majorana fermions in strongly interacting helical liquids},
  author = {Sela, Eran and Altland, Alexander and Rosch, Achim},
  journal = {Phys. Rev. B},
  volume = {84},
  issue = {8},
  pages = {085114},
  numpages = {7},
  year = {2011},
  month = {Aug},
  publisher = {American Physical Society},
  doi = {10.1103/PhysRevB.84.085114},
  url = {https://link.aps.org/doi/10.1103/PhysRevB.84.085114}
}

@article{Sengupta2001,
  title = {Midgap edge states and pairing symmetry of quasi-one-dimensional organic superconductors},
  author = {Sengupta, K. and \ifmmode \check{Z}\else \v{Z}\fi{}uti\ifmmode \acute{c}\else \'{c}\fi{}, Igor and Kwon, Hyok-Jon and Yakovenko, Victor M. and Das Sarma, S.},
  journal = {Phys. Rev. B},
  volume = {63},
  issue = {14},
  pages = {144531},
  numpages = {6},
  year = {2001},
  month = {Mar},
  publisher = {American Physical Society},
  doi = {10.1103/PhysRevB.63.144531},
  url = {http://link.aps.org/doi/10.1103/PhysRevB.63.144531}
}

@article{Setiwan2015,
  title = {Conductance spectroscopy of topological superconductor wire junctions},
  author = {Setiawan, F. and Brydon, P. M. R. and Sau, Jay D. and Das Sarma, S.},
  journal = {Phys. Rev. B},
  volume = {91},
  issue = {21},
  pages = {214513},
  numpages = {9},
  year = {2015},
  month = {Jun},
  publisher = {American Physical Society},
  doi = {10.1103/PhysRevB.91.214513},
  url = {http://link.aps.org/doi/10.1103/PhysRevB.91.214513}
}

@article{Setiawan2017,
  title = {Conductance spectroscopy of nontopological-topological superconductor junctions},
  author = {Setiawan, F. and Cole, William S. and Sau, Jay D. and Das Sarma, S.},
  journal = {Phys. Rev. B},
  volume = {95},
  issue = {2},
  pages = {020501},
  numpages = {5},
  year = {2017},
  month = {Jan},
  publisher = {American Physical Society},
  doi = {10.1103/PhysRevB.95.020501},
  url = {https://link.aps.org/doi/10.1103/PhysRevB.95.020501}
}

@article{Setiawan2019b,
  title = {Topological superconductivity in planar Josephson junctions: Narrowing down to the nanowire limit},
  author = {Setiawan, F. and Stern, Ady and Berg, Erez},
  journal = {Phys. Rev. B},
  volume = {99},
  issue = {22},
  pages = {220506},
  numpages = {7},
  year = {2019},
  month = {Jun},
  publisher = {American Physical Society},
  doi = {10.1103/PhysRevB.99.220506},
  url = {https://link.aps.org/doi/10.1103/PhysRevB.99.220506}
}

@article{Setiawan2019a,
  title = {Full proximity treatment of topological superconductors in Josephson-junction architectures},
  author = {Setiawan, F. and Wu, Chien-Te and Levin, K.},
  journal = {Phys. Rev. B},
  volume = {99},
  issue = {17},
  pages = {174511},
  numpages = {16},
  year = {2019},
  month = {May},
  publisher = {American Physical Society},
  doi = {10.1103/PhysRevB.99.174511},
  url = {https://link.aps.org/doi/10.1103/PhysRevB.99.174511}
}



@article{Shabani2016,
  title = {Two-dimensional epitaxial superconductor-semiconductor heterostructures: A platform for topological superconducting networks},
  author = {Shabani, J. and Kjaergaard, M. and Suominen, H. J. and Kim, Younghyun and Nichele, F. and Pakrouski, K. and Stankevic, T. and Lutchyn, R. M. and Krogstrup, P. and Feidenhans'l, R. and Kraemer, S. and Nayak, C. and Troyer, M. and Marcus, C. M. and Palmstr\o{}m, C. J.},
  journal = {Phys. Rev. B},
  volume = {93},
  issue = {15},
  pages = {155402},
  numpages = {6},
  year = {2016},
  month = {Apr},
  publisher = {American Physical Society},
  doi = {10.1103/PhysRevB.93.155402},
  url = {https://link.aps.org/doi/10.1103/PhysRevB.93.155402}
}

@article{Sharma2016,
  title = {Tunneling conductance for Majorana fermions in spin-orbit coupled semiconductor-superconductor heterostructures using superconducting leads},
  author = {Sharma, Girish and Tewari, Sumanta},
  journal = {Phys. Rev. B},
  volume = {93},
  issue = {19},
  pages = {195161},
  numpages = {9},
  year = {2016},
  month = {May},
  publisher = {American Physical Society},
  doi = {10.1103/PhysRevB.93.195161},
  url = {https://link.aps.org/doi/10.1103/PhysRevB.93.195161}
}

@misc{Shen2020,
      title={A full parity phase diagram of a Majorana island}, 
      author={J. Shen and G. W. Winkler and F. Borsoi and S. Heedt and V. Levajac and J. Y. Wang and D. van Driel and D. Bouman and S. Gazibegovic and R. L. M. Op Het Veld and D. Car and J. A. Logan and M. Pendharkar and C. J. Palmstrom and E. P. A. M. Bakkers and L. P. Kouwenhoven and B. van Heck},
      year={2020},
      eprint={2012.10118},
      archivePrefix={arXiv},
      primaryClass={cond-mat.mes-hall}
}

@book{Smith2008, place={Oxford}, title={Numerical solution of partial differential equations: finite difference methods}, publisher={Clarendon Press}, author={Smith, G. D.}, year={2008}}

@article{Spanslatt2017,
  author={Christian Spanslatt and Eddy Ardonne},
  title={Extended Majorana zero modes in a topological superconducting-normal T-junction},
  journal={Journal of Physics: Condensed Matter},
  volume={29},
  number={10},
  pages={105602},
  url={http://stacks.iop.org/0953-8984/29/i=10/a=105602},
  year={2017},
  abstract={We investigate the sub gap properties of a three terminal Josephson T-junction composed of topologically superconducting wires connected by a normal metal region. This system naturally hosts zero energy Andreev bound states which are of self-conjugate Majorana nature and we show that they are, in contrast to ordinary Majorana zero modes, spatially extended in the normal metal region. If the T-junction respects time-reversal symmetry, we show that a zero mode is distributed only in two out of three arms in the junction and tuning the superconducting phases allows for transfer of the mode between the junction arms. We further provide tunneling conductance calculations showing that these features can be detected in experiments. Our findings suggest an experimental platform for studying the nature of spatially extended Majorana zero modes.}
}

@article{Stanescu2010,
  title = {Proximity effect at the superconductor\char21{}topological insulator interface},
  author = {Stanescu, T. D. and Sau, J. D. and Lutchyn, R. M. and Das Sarma, S.},
  journal = {Phys. Rev. B},
  volume = {81},
  issue = {24},
  pages = {241310},
  numpages = {4},
  year = {2010},
  month = {Jun},
  publisher = {American Physical Society},
  doi = {10.1103/PhysRevB.81.241310},
  url = {http://link.aps.org/doi/10.1103/PhysRevB.81.241310}
}

@article{Stanescu2011,
  title = {Majorana fermions in semiconductor nanowires},
  author = {Stanescu, Tudor D. and Lutchyn, Roman M. and Das Sarma, S.},
  journal = {Phys. Rev. B},
  volume = {84},
  issue = {14},
  pages = {144522},
  numpages = {29},
  year = {2011},
  month = {Oct},
  publisher = {American Physical Society},
  doi = {10.1103/PhysRevB.84.144522},
  url = {http://link.aps.org/doi/10.1103/PhysRevB.84.144522}
}

@article{Stanescu2012,
  title = {To Close or Not to Close: The Fate of the Superconducting Gap Across the Topological Quantum Phase Transition in Majorana-Carrying Semiconductor Nanowires},
  author = {Stanescu, Tudor D. and Tewari, Sumanta and Sau, Jay D. and Das Sarma, S.},
  journal = {Phys. Rev. Lett.},
  volume = {109},
  issue = {26},
  pages = {266402},
  numpages = {5},
  year = {2012},
  month = {Dec},
  publisher = {American Physical Society},
  doi = {10.1103/PhysRevLett.109.266402},
  url = {https://link.aps.org/doi/10.1103/PhysRevLett.109.266402}
}

@article{Stanescu2013,
  author={Stanescu, T. D. and Tewari, S.},
  title={Majorana fermions in semiconductor nanowires: fundamentals, modeling, and experiment},
  journal={J. Phys.: Condens. Matter},
  volume={25},
  number={23},
  pages={233201},
  url={http://stacks.iop.org/0953-8984/25/i=23/a=233201},
  year={2013}
}

@article{Stanescu2014,
  title = {Soft superconducting gap in semiconductor-based Majorana nanowires},
  author = {Stanescu, Tudor D. and Lutchyn, Roman M. and Das Sarma, S.},
  journal = {Phys. Rev. B},
  volume = {90},
  issue = {8},
  pages = {085302},
  numpages = {11},
  year = {2014},
  month = {Aug},
  publisher = {American Physical Society},
  doi = {10.1103/PhysRevB.90.085302},
  url = {http://link.aps.org/doi/10.1103/PhysRevB.90.085302}
}

@article{Stanescu2014a,
  title = {Nonlocality of zero-bias anomalies in the topologically trivial phase of Majorana wires},
  author = {Stanescu, Tudor D. and Tewari, Sumanta},
  journal = {Phys. Rev. B},
  volume = {89},
  issue = {22},
  pages = {220507},
  numpages = {5},
  year = {2014},
  month = {Jun},
  publisher = {American Physical Society},
  doi = {10.1103/PhysRevB.89.220507},
  url = {https://link.aps.org/doi/10.1103/PhysRevB.89.220507}
}

@article{Stanescu2016,
  author={Stanescu, T. D. and Tewari, S.},
  title={Spin polarization of Majorana zero modes and topological quantum phase transition in semiconductor Majorana nanowires},
  journal={Journal IISc},
  volume={96},
  number={2},
  pages={107},
  url={http://journal.library.iisc.ernet.in/index.php/iisc/article/view/4607},
  year={2016}
}

@book{Stanescu2017,
	title = {Introduction to topological quantum matter and quantum computation}, 
	author = {Tudor D. Stanescu},
	year = {2017},
	publisher={CRC Press, Taylor \& Francis Group}
}

@article{Stanescu2017a,
  title = {Proximity-induced low-energy renormalization in hybrid semiconductor-superconductor Majorana structures},
  author = {Stanescu, Tudor D. and Das Sarma, Sankar},
  journal = {Phys. Rev. B},
  volume = {96},
  issue = {1},
  pages = {014510},
  numpages = {19},
  year = {2017},
  month = {Jul},
  publisher = {American Physical Society},
  doi = {10.1103/PhysRevB.96.014510},
  url = {https://link.aps.org/doi/10.1103/PhysRevB.96.014510}
}

@article{Stanescu2018a,
  title = {Building topological quantum circuits: Majorana nanowire junctions},
  author = {Stanescu, Tudor D. and Das Sarma, Sankar},
  journal = {Phys. Rev. B},
  volume = {97},
  issue = {4},
  pages = {045410},
  numpages = {8},
  year = {2018},
  month = {Jan},
  publisher = {American Physical Society},
  doi = {10.1103/PhysRevB.97.045410},
  url = {https://link.aps.org/doi/10.1103/PhysRevB.97.045410}
}

@article{Stanescu2019a,
  title = {Robust low-energy Andreev bound states in semiconductor-superconductor structures: Importance of partial separation of component Majorana bound states},
  author = {Stanescu, Tudor D. and Tewari, Sumanta},
  journal = {Phys. Rev. B},
  volume = {100},
  issue = {15},
  pages = {155429},
  numpages = {21},
  year = {2019},
  month = {Oct},
  publisher = {American Physical Society},
  doi = {10.1103/PhysRevB.100.155429},
  url = {https://link.aps.org/doi/10.1103/PhysRevB.100.155429}
}


@article{Stenger2017,
  title = {Tunneling conductance in semiconductor-superconductor hybrid structures},
  author = {Stenger, John and Stanescu, Tudor D.},
  journal = {Phys. Rev. B},
  volume = {96},
  issue = {21},
  pages = {214516},
  numpages = {15},
  year = {2017},
  month = {Dec},
  publisher = {American Physical Society},
  doi = {10.1103/PhysRevB.96.214516},
  url = {https://link.aps.org/doi/10.1103/PhysRevB.96.214516}
}

@article{Stenger2018,
  title = {Control and detection of Majorana bound states in quantum dot arrays},
  author = {Stenger, John P. T. and Woods, Benjamin D. and Frolov, Sergey M. and Stanescu, Tudor D.},
  journal = {Phys. Rev. B},
  volume = {98},
  issue = {8},
  pages = {085407},
  numpages = {15},
  year = {2018},
  month = {Aug},
  publisher = {American Physical Society},
  doi = {10.1103/PhysRevB.98.085407},
  url = {https://link.aps.org/doi/10.1103/PhysRevB.98.085407}
}


@article{Stern1972,
  title = {Self-Consistent Results for $n$-Type Si Inversion Layers},
  author = {Stern, Frank},
  journal = {Phys. Rev. B},
  volume = {5},
  issue = {12},
  pages = {4891--4899},
  numpages = {0},
  year = {1972},
  month = {Jun},
  publisher = {American Physical Society},
  doi = {10.1103/PhysRevB.5.4891},
  url = {https://link.aps.org/doi/10.1103/PhysRevB.5.4891}
}

@article{Stern1984,
  title = {Electron energy levels in GaAs-${\mathrm{Ga}}_{1\ensuremath{-}x}{\mathrm{Al}}_{x}\mathrm{As}$ heterojunctions},
  author = {Stern, Frank and Das Sarma, Sankar},
  journal = {Phys. Rev. B},
  volume = {30},
  issue = {2},
  pages = {840--848},
  numpages = {0},
  year = {1984},
  month = {Jul},
  publisher = {American Physical Society},
  doi = {10.1103/PhysRevB.30.840},
  url = {https://link.aps.org/doi/10.1103/PhysRevB.30.840}
}

@article{Sticlet2016,
  title = {Robustness of Majorana bound states in the short junction limit},
  author = {Sticlet, Doru and Bas Nijholt and Anton Akhmerov},
  journal = {e-print   	arXiv:1609.00637},
  year = {2016},
  url = {https://arxiv.org/abs/1609.00637}
}

@article{Stopa1996,
  title = {Quantum dot self-consistent electronic structure and the Coulomb blockade},
  author = {Stopa, M.},
  journal = {Phys. Rev. B},
  volume = {54},
  issue = {19},
  pages = {13767--13783},
  numpages = {0},
  year = {1996},
  month = {Nov},
  publisher = {American Physical Society},
  doi = {10.1103/PhysRevB.54.13767},
  url = {https://link.aps.org/doi/10.1103/PhysRevB.54.13767}
}

@article{Stoudenmire2011,
  title = {Interaction effects in topological superconducting wires supporting Majorana fermions},
  author = {Stoudenmire, E. M. and Alicea, Jason and Starykh, Oleg A. and Fisher, Matthew P.A.},
  journal = {Phys. Rev. B},
  volume = {84},
  issue = {1},
  pages = {014503},
  numpages = {13},
  year = {2011},
  month = {Jul},
  publisher = {American Physical Society},
  doi = {10.1103/PhysRevB.84.014503},
  url = {http://link.aps.org/doi/10.1103/PhysRevB.84.014503}
}

@article{Suominen2017,
  title = {Zero-Energy Modes from Coalescing Andreev States in a Two-Dimensional Semiconductor-Superconductor Hybrid Platform},
  author = {Suominen, H. J. and Kjaergaard, M. and Hamilton, A. R. and Shabani, J. and Palmstr\o{}m, C. J. and Marcus, C. M. and Nichele, F.},
  journal = {Phys. Rev. Lett.},
  volume = {119},
  issue = {17},
  pages = {176805},
  numpages = {5},
  year = {2017},
  month = {Oct},
  publisher = {American Physical Society},
  doi = {10.1103/PhysRevLett.119.176805},
  url = {https://link.aps.org/doi/10.1103/PhysRevLett.119.176805}
}

@article{Takei2013,
  title = {Soft Superconducting Gap in Semiconductor Majorana Nanowires},
  author = {Takei, So and Fregoso, Benjamin M. and Hui, Hoi-Yin and Lobos, Alejandro M. and Das Sarma, S.},
  journal = {Phys. Rev. Lett.},
  volume = {110},
  issue = {18},
  pages = {186803},
  numpages = {5},
  year = {2013},
  month = {Apr},
  publisher = {American Physical Society},
  doi = {10.1103/PhysRevLett.110.186803},
  url = {http://link.aps.org/doi/10.1103/PhysRevLett.110.186803}
}

@article{Thomale2013,
  title = {Tunneling spectra simulation of interacting Majorana wires},
  author = {Thomale, Ronny and Rachel, Stephan and Schmitteckert, Peter},
  journal = {Phys. Rev. B},
  volume = {88},
  issue = {16},
  pages = {161103},
  numpages = {5},
  year = {2013},
  month = {Oct},
  publisher = {American Physical Society},
  doi = {10.1103/PhysRevB.88.161103},
  url = {http://link.aps.org/doi/10.1103/PhysRevB.88.161103}
}

@article{Vaitiekenas2018,
  title = {Selective-Area-Grown Semiconductor-Superconductor Hybrids: A Basis for Topological Networks},
  author = {Vaitiek\ifmmode \dot{e}\else \.{e}\fi{}nas, S. and Whiticar, A. M. and Deng, M.-T. and Krizek, F. and Sestoft, J. E. and Palmstr\o{}m, C. J. and Marti-Sanchez, S. and Arbiol, J. and Krogstrup, P. and Casparis, L. and Marcus, C. M.},
  journal = {Phys. Rev. Lett.},
  volume = {121},
  issue = {14},
  pages = {147701},
  numpages = {5},
  year = {2018},
  month = {Oct},
  publisher = {American Physical Society},
  doi = {10.1103/PhysRevLett.121.147701},
  url = {https://link.aps.org/doi/10.1103/PhysRevLett.121.147701}
}

@article {Vaitiekenaseaav2020,
	author = {Vaitiekenas, S. and Winkler, G. W. and van Heck, B. and Karzig, T. and Deng, M.-T. and Flensberg, K. and Glazman, L. I. and Nayak, C. and Krogstrup, P. and Lutchyn, R. M. and Marcus, C. M.},
	title = {Flux-induced topological superconductivity in full-shell nanowires},
	volume = {367},
	number = {6485},
	elocation-id = {eaav3392},
	year = {2020},
	doi = {10.1126/science.aav3392},
	publisher = {American Association for the Advancement of Science},
	issn = {0036-8075},
	URL = {https://science.sciencemag.org/content/367/6485/eaav3392},
	journal = {Science}
}

@article{Vazifeh2013,
  title = {Self-Organized Topological State with Majorana Fermions},
  author = {Vazifeh, M. M. and Franz, M.},
  journal = {Phys. Rev. Lett.},
  volume = {111},
  issue = {20},
  pages = {206802},
  numpages = {5},
  year = {2013},
  month = {Nov},
  publisher = {American Physical Society},
  doi = {10.1103/PhysRevLett.111.206802},
  url = {https://link.aps.org/doi/10.1103/PhysRevLett.111.206802}
}

@article{Vijav2016,
  title = {Teleportation-based quantum information processing with Majorana zero modes},
  author = {Vijay, Sagar and Fu, Liang},
  journal = {Phys. Rev. B},
  volume = {94},
  issue = {23},
  pages = {235446},
  numpages = {9},
  year = {2016},
  month = {Dec},
  publisher = {American Physical Society},
  doi = {10.1103/PhysRevB.94.235446},
  url = {http://link.aps.org/doi/10.1103/PhysRevB.94.235446}
}

@article{Vuik2016,
  author={Vuik, A. and D Eeltink and A R Akhmerov and M Wimmer},
  title={Effects of the electrostatic environment on the Majorana nanowire devices},
  journal={New Journal of Physics},
  volume={18},
  number={3},
  pages={033013},
  url={http://stacks.iop.org/1367-2630/18/i=3/a=033013},
  year={2016}
}

@Article{Vuik2019,
	title={{Reproducing topological properties with quasi-Majorana states}},
	author={A. Vuik and B. Nijholt and A. R. Akhmerov and M. Wimmer},
	journal={SciPost Phys.},
	volume={7},
	issue={5},
	pages={61},
	year={2019},
	publisher={SciPost},
	doi={10.21468/SciPostPhys.7.5.061},
	url={https://scipost.org/10.21468/SciPostPhys.7.5.061},
}
@article{Weperen2015,
  title = {Spin-orbit interaction in InSb nanowires},
  author = {van Weperen, I. and Tarasinski, B. and Eeltink, D. and Pribiag, V. S. and Plissard, S. R. and Bakkers, E. P. A. M. and Kouwenhoven, L. P. and Wimmer, M.},
  journal = {Phys. Rev. B},
  volume = {91},
  issue = {20},
  pages = {201413},
  numpages = {5},
  year = {2015},
  month = {May},
  publisher = {American Physical Society},
  doi = {10.1103/PhysRevB.91.201413},
  url = {http://link.aps.org/doi/10.1103/PhysRevB.91.201413}
}

@article{Wiedenmann2016,
  title = {$4\pi$-periodic Josephson supercurrent in HgTe-based topological Josephson junctions},
  author = {Wiedenmann, J. and  E. Bocquillon and R. S. Deacon and S. Hartinger and O. Herrmann and T. M. Klapwijk and L. Maier and C. Ames and C. Brune and C. Gould and A. Oiwa and K. Ishibashi and S. Tarucha and H. Buhmann  and  L. W. Molenkamp},
  journal = {Nature Communications},
  volume = {7},
  pages = {10303},
  year = {2016},
  publisher = {Nature Publishing Group},
  doi = {10.1038/ncomms10303},
  url = {http://www.nature.com/articles/ncomms10303}
}

@article{Wigner1955,
  title = {Characteristic Vectors of Bordered Matrices With Infinite Dimensions},
  author = {Wigner, Eugene P},
  journal = {Annals of Mathematics},
  volume = {62},
  pages = {548},
  year = {1955},
  publisher = {JSTOR},
  doi = {10.2307/1970079},
  url = {http://www.jstor.org/stable/1970079}
}

@article{Wilczek1982,
  title = {Quantum Mechanics of Fractional-Spin Particles},
  author = {Wilczek, Frank},
  journal = {Phys. Rev. Lett.},
  volume = {49},
  issue = {14},
  pages = {957},
  numpages = {0},
  year = {1982},
  month = {Oct},
  publisher = {American Physical Society},
  doi = {10.1103/PhysRevLett.49.957},
  url = {http://link.aps.org/doi/10.1103/PhysRevLett.49.957}
}

@article{Wille2019,
  title = {Simulating topological tensor networks with Majorana qubits},
  author = {Wille, C. and Egger, R. and Eisert, J. and Altland, A.},
  journal = {Phys. Rev. B},
  volume = {99},
  issue = {11},
  pages = {115117},
  numpages = {19},
  year = {2019},
  month = {Mar},
  publisher = {American Physical Society},
  doi = {10.1103/PhysRevB.99.115117},
  url = {https://link.aps.org/doi/10.1103/PhysRevB.99.115117}
}

@article{Wimmer2009,
title = {Optimal block-tridiagonalization of matrices for coherent charge transport},
journal = {Journal of Computational Physics},
volume = {228},
number = {23},
pages = {8548-8565},
year = {2009},
issn = {0021-9991},
doi = {https://doi.org/10.1016/j.jcp.2009.08.001},
url = {https://www.sciencedirect.com/science/article/pii/S0021999109004367},
author = {Michael Wimmer and Klaus Richter},
}

@article{Wimmer2011,
  author={M Wimmer and A R Akhmerov and J P Dahlhaus and C W J Beenakker},
  title={Quantum point contact as a probe of a topological superconductor},
  journal={New Journal of Physics},
  volume={13},
  number={5},
  pages={053016},
  url={http://stacks.iop.org/1367-2630/13/i=5/a=053016},
  year={2011}
}


@book{Winkler2003, 
title = {Spin-Orbit Coupling Effects in Two-Dimensional Electron and Hole Systems}, 
author = {Roland Winkler}, 
year = {2003}, 
publisher={Springer} 
}

@article{Winkler2017,
  title = {Orbital Contributions to the Electron $g$ Factor in Semiconductor Nanowires},
  author = {Winkler, Georg W. and Varjas, D\'aniel and Skolasinski, Rafal and Soluyanov, Alexey A. and Troyer, Matthias and Wimmer, Michael},
  journal = {Phys. Rev. Lett.},
  volume = {119},
  issue = {3},
  pages = {037701},
  numpages = {6},
  year = {2017},
  month = {Jul},
  publisher = {American Physical Society},
  doi = {10.1103/PhysRevLett.119.037701},
  url = {https://link.aps.org/doi/10.1103/PhysRevLett.119.037701}
}

@article{Wojcik2018,
  title = {Tuning Rashba spin-orbit coupling in homogeneous semiconductor nanowires},
  author = {W\'ojcik, Pawe\l{} and Bertoni, Andrea and Goldoni, Guido},
  journal = {Phys. Rev. B},
  volume = {97},
  issue = {16},
  pages = {165401},
  numpages = {11},
  year = {2018},
  month = {Apr},
  publisher = {American Physical Society},
  doi = {10.1103/PhysRevB.97.165401},
  url = {https://link.aps.org/doi/10.1103/PhysRevB.97.165401}
}


@article{Winkler2019,
  title = {Unified numerical approach to topological semiconductor-superconductor heterostructures},
  author = {Winkler, Georg W. and Antipov, Andrey E. and van Heck, Bernard and Soluyanov, Alexey A. and Glazman, Leonid I. and Wimmer, Michael and Lutchyn, Roman M.},
  journal = {Phys. Rev. B},
  volume = {99},
  issue = {24},
  pages = {245408},
  numpages = {14},
  year = {2019},
  month = {Jun},
  publisher = {American Physical Society},
  doi = {10.1103/PhysRevB.99.245408},
  url = {https://link.aps.org/doi/10.1103/PhysRevB.99.245408}
}

@article{Woods2018,
  title = {Effective theory approach to the Schrodinger-Poisson problem in semiconductor Majorana devices},
  author = {Woods, Benjamin D. and Stanescu, Tudor D. and Das Sarma, Sankar},
  journal = {Phys. Rev. B},
  volume = {98},
  issue = {3},
  pages = {035428},
  numpages = {28},
  year = {2018},
  month = {Jul},
  publisher = {American Physical Society},
  doi = {10.1103/PhysRevB.98.035428},
  url = {https://link.aps.org/doi/10.1103/PhysRevB.98.035428}
}

@article{Woods2019a,
  title = {Electronic structure of full-shell InAs/Al hybrid semiconductor-superconductor nanowires: Spin-orbit coupling and topological phase space},
  author = {Woods, Benjamin D. and Das Sarma, Sankar and Stanescu, Tudor D.},
  journal = {Phys. Rev. B},
  volume = {99},
  issue = {16},
  pages = {161118},
  numpages = {5},
  year = {2019},
  month = {Apr},
  publisher = {American Physical Society},
  doi = {10.1103/PhysRevB.99.161118},
  url = {https://link.aps.org/doi/10.1103/PhysRevB.99.161118}
}


@article{Woods2019b,
  title = {Zero-energy pinning of topologically trivial bound states in multiband semiconductor-superconductor nanowires},
  author = {Woods, Benjamin D. and Chen, Jun and Frolov, Sergey M. and Stanescu, Tudor D.},
  journal = {Phys. Rev. B},
  volume = {100},
  issue = {12},
  pages = {125407},
  numpages = {17},
  year = {2019},
  month = {Sep},
  publisher = {American Physical Society},
  doi = {10.1103/PhysRevB.100.125407},
  url = {https://link.aps.org/doi/10.1103/PhysRevB.100.125407}
}


@article{Woods2020a,
  title = {Subband occupation in semiconductor-superconductor nanowires},
  author = {Woods, Benjamin D. and Das Sarma, Sankar and Stanescu, Tudor D.},
  journal = {Phys. Rev. B},
  volume = {101},
  issue = {4},
  pages = {045405},
  numpages = {13},
  year = {2020},
  month = {Jan},
  publisher = {American Physical Society},
  doi = {10.1103/PhysRevB.101.045405},
  url = {https://link.aps.org/doi/10.1103/PhysRevB.101.045405}
}

@article{Woods2020b,
  title = {Enhanced topological protection in planar quasi-one-dimensional channels with periodically modulated width},
  author = {Woods, Benjamin D. and Stanescu, Tudor D.},
  journal = {Phys. Rev. B},
  volume = {101},
  issue = {19},
  pages = {195435},
  numpages = {18},
  year = {2020},
  month = {May},
  publisher = {American Physical Society},
  doi = {10.1103/PhysRevB.101.195435},
  url = {https://link.aps.org/doi/10.1103/PhysRevB.101.195435}
}

@misc{Woods2021,
      title={Charge impurity effects in hybrid Majorana nanowires}, 
      author={Benjamin D. Woods and Sankar Das Sarma and Tudor D. Stanescu},
      year={2021},
      eprint={2103.06880},
      archivePrefix={arXiv},
      primaryClass={cond-mat.mes-hall}
}


@article{Yan2014,
  author={Zhongbo Yan and Shaolong Wan},
  title={A study on the tunneling spectroscopy of an ##IMG## [http://ej.iop.org/images/1367-2630/16/9/093004/toc_njp499798ieqn1.gif] {${\rm N}-p{\rm S}$} junction and an ##IMG## [http://ej.iop.org/images/1367-2630/16/9/093004/toc_njp499798ieqn2.gif] {${\rm N}-{\rm hS}$} junction},
  journal={New Journal of Physics},
  volume={16},
  number={9},
  pages={093004},
  url={http://stacks.iop.org/1367-2630/16/i=9/a=093004},
  year={2014}
}

@article {Yazdani1997,
	author = {Yazdani, Ali and Jones, B. A. and Lutz, C. P. and Crommie, M. F. and Eigler, D. M.},
	title = {Probing the Local Effects of Magnetic Impurities on Superconductivity},
	volume = {275},
	number = {5307},
	pages = {1767--1770},
	year = {1997},
	doi = {10.1126/science.275.5307.1767},
	publisher = {American Association for the Advancement of Science},
	abstract = {The local effects of isolated magnetic adatoms on the electronic properties of the surface of a superconductor were studied with a low-temperature scanning tunneling microscope. Tunneling spectra obtained near magnetic adsorbates reveal the presence of excitations within the superconductor{\textquoteright}s energy gap that can be detected over a few atomic diameters around the impurity at the surface. These excitations are locally asymmetric with respect to tunneling of electrons and holes. A model calculation based on the Bogoliubov-de Gennes equations can be used to understand the details of the local tunneling spectra.},
	issn = {0036-8075},
	URL = {http://science.sciencemag.org/content/275/5307/1767},
	eprint = {http://science.sciencemag.org/content/275/5307/1767.full.pdf},
	journal = {Science}
}	

@article{You2019,
  title = {Building fracton phases by Majorana manipulation},
  author = {You, Yizhi and von Oppen, Felix},
  journal = {Phys. Rev. Research},
  volume = {1},
  issue = {1},
  pages = {013011},
  numpages = {8},
  year = {2019},
  month = {Aug},
  publisher = {American Physical Society},
  doi = {10.1103/PhysRevResearch.1.013011},
  url = {https://link.aps.org/doi/10.1103/PhysRevResearch.1.013011}
}

@article{Yu2021,
  doi = {10.1038/s41567-020-01107-w},
  url = {https://doi.org/10.1038/s41567-020-01107-w},
  year = {2021},
  month = jan,
  publisher = {Springer Science and Business Media {LLC}},
  author = {P. Yu and J. Chen and M. Gomanko and G. Badawy and E. P. A. M. Bakkers and K. Zuo and V. Mourik and S. M. Frolov},
  title = {Non-Majorana states yield nearly quantized conductance in proximatized nanowires},
  journal = {Nature Physics}
}

@article{Zhang2017,
	Author = {Zhang, H and Onder Gul and Sonia Conesa-Boj and Michal P. Nowak and Michael Wimmer and Kun Zuo and Vincent Mourik and Folkert K. de Vries and Jasper van Veen and  Michiel W.A. de Moor and Jouri D.S. Bommer and David J. van Woerkom and Diana Car and Sebastien R. Plissard and Erik P.A.M. Bakkers and Marina Quintero-Perez and Maja C. Cassidy and Sebastian Koelling and Srijit Goswami and Kenji Watanabe and Takashi Taniguchi and Leo P. Kouwenhoven},
	Title = {{Ballistic superconductivity in semiconductor nanowires}},
	Journal = {Nat. Commun.},
	volume = {8},
	pages = {16025},
	year = {2017},
	doi = {10.1038/ncomms16025}
}

@article{Zhang2018,
	Author = {Zhang, H. and Chun-Xiao Liu and Sasa Gazibegovic and Di Xu and John A. Logan and Guanzhong Wang and Nick van Loo and Jouri D.S. Bommer and Michiel W.A. de Moor and Diana Car and Roy L. M. Op het Veld and Petrus J. van Veldhoven and Sebastian Koelling and Marcel A. Verheijen and Mihir Pendharkar and Daniel J. Pennachio and Borzoyeh Shojaei and Joon Sue Lee and Chris J. Palmstrom and Erik P.A.M. Bakkers and S. Das Sarma and Leo P. Kouwenhoven},
	Title = {Quantized Majorana conductance},
	Journal = {Nature},
	volume = {556},
	pages = {74},
	year = {2018},
	doi = {10.1038/nature26142}
}

@misc{Zhang2021,
      title={Large zero-bias peaks in InSb-Al hybrid semiconductor-superconductor nanowire devices}, 
      author={Hao Zhang and Michiel W. A. de Moor and Jouri D. S. Bommer and Di Xu and Guanzhong Wang and Nick van Loo and Chun-Xiao Liu and Sasa Gazibegovic and John A. Logan and Diana Car and Roy L. M. Op het Veld and Petrus J. van Veldhoven and Sebastian Koelling and Marcel A. Verheijen and Mihir Pendharkar and Daniel J. Pennachio and Borzoyeh Shojaei and Joon Sue Lee and Chris J. Palmstrøm and Erik P. A. M. Bakkers and S. Das Sarma and Leo P. Kouwenhoven},
      year={2021},
      eprint={2101.11456},
      archivePrefix={arXiv},
      primaryClass={cond-mat.mes-hall}
}

@article{Zhang2020,
  title = {Transport characterization of topological superconductivity in a planar Josephson junction},
  author = {Zhang, Yu and Guo, Kaige and Liu, Jie},
  journal = {Phys. Rev. B},
  volume = {102},
  issue = {24},
  pages = {245403},
  numpages = {8},
  year = {2020},
  month = {Dec},
  publisher = {American Physical Society},
  doi = {10.1103/PhysRevB.102.245403},
  url = {https://link.aps.org/doi/10.1103/PhysRevB.102.245403}
}

@article{Zhou2020,
  title = {Phase Control of Majorana Bound States in a Topological $\mathsf{X}$ Junction},
  author = {Zhou, Tong and Dartiailh, Matthieu C. and Mayer, William and Han, Jong E. and Matos-Abiague, Alex and Shabani, Javad and \ifmmode \check{Z}\else \v{Z}\fi{}uti\ifmmode \acute{c}\else \'{c}\fi{}, Igor},
  journal = {Phys. Rev. Lett.},
  volume = {124},
  issue = {13},
  pages = {137001},
  numpages = {7},
  year = {2020},
  month = {Apr},
  publisher = {American Physical Society},
  doi = {10.1103/PhysRevLett.124.137001},
  url = {https://link.aps.org/doi/10.1103/PhysRevLett.124.137001}
}



